4019 3463
530 432 75 62 48
1906 432 395 58 DEVOTION.
2376 438 62 50 L.
2477 437 83 51 M.

749 522 17 13 “
775 522 47 27 To
833 522 91 28 shew
933 521 89 29 forth
1035 523 60 34 thy
1107 516 270 46 lovingkiudness
1388 523 36 27 in
1436 523 58 28 the
1506 522 162 37 morning,
1682 523 66 28 and
1761 523 80 27 with
1854 522 212 31 faithfulness
2078 533 97 27 every
2187 524 105 36 night,
2306 533 89 28 upon
2408 535 43 19 an
2464 526 198 29 instrument
2674 526 36 29 of
2721 529 57 28 ten
2789 528 132 37 strings,
2935 529 66 28 and
3013 535 89 30 upon
3114 538 20 20 a
3146 531 145 35 psaltery
3303 542 7 25 ;
3328 540 89 28 upon
3429 534 59 29 the
3498 536 86 34 harp
3595 535 80 30 with
3687 545 20 19 a

616 569 120 34 Isaac
759 568 159 40 Watts,
944 568 97 35 1719.
1092 567 85 47 Key
1200 567 43 36 of
1265 569 29 35 C
1318 567 135 47 Major.
1958 569 129 30 solemn
2097 569 228 32 sound.”-Ps.
2335 571 52 29 92:
2403 573 26 33 2,
2443 573 26 27 3.
3206 553 200 61 Ama’rick
3430 582 129 42 Ham,,
3589 582 118 36 about
3727 585 99 36 1811.

3734 628 19 31 1
3828 632 22 30 2

618 840 27 24 i.
674 826 123 40 Sweet
812 828 31 36 is
870 828 62 37 the
951 829 71 44 day
1062 831 37 35 of
1138 838 61 29 sac
1218 848 11 6 -
1242 829 60 37 red
1320 832 86 41 rest;
1427 829 55 39 No
1501 840 76 26 mor
1591 849 11 7 -
1615 830 50 38 tai
1705 841 99 26 cares
1823 831 92 35 shall
1934 831 94 39 seize
2047 844 62 33 my
2126 833 132 44 breast;
2332 832 38 37 O
2389 845 86 34 may
2492 845 63 34 my
2571 834 103 37 heart
2707 833 35 39 in
2782 837 88 36 tune
2888 836 43 36 be
2947 836 129 45 found,
3096 837 90 37 Like
3203 838 157 38 David’s
3374 840 90 46 harp
3474 844 39 33 of
3523 842 139 39 solemn
3676 844 102 45 sound;
3790 845 100 38 sound.

3733 890 19 31 1
3827 894 22 29 2

613 1100 32 25 2.
676 1087 104 38 Then
799 1088 92 38 shall
920 1090 10 35 I
949 1091 106 35 share
1072 1103 22 24 a
1140 1088 173 48 glo-rious
1331 1094 92 42 part,
1443 1090 124 40 When
1586 1102 103 33 grace
1705 1092 89 37 hath
1814 1092 80 36 well
1913 1092 133 38 refined
2065 1105 62 32 my
2143 1094 117 45 heart,
2280 1094 83 36 And
2378 1095 99 37 fresh
2497 1095 175 46 sup-plies
2690 1096 37 36 of
2772 1096 65 46 joy
2853 1107 59 26 are
2930 1097 104 44 shed,
3055 1097 90 38 Like
3162 1099 48 36 ho
3235 1118 12 8 -
3265 1104 37 40 ly
3334 1100 59 46 oil,
3411 1104 38 34 to
3465 1103 106 37 cheer
3588 1115 63 34 my
3666 1105 105 46 head;
3788 1107 106 40 head.

3732 1152 18 29 1
3824 1155 22 29 2

613 1361 30 34 3.
674 1348 104 39 Then
797 1349 92 37 shall
909 1350 12 35 I
939 1362 74 33 see,
1031 1352 73 36 and
1120 1348 100 50 hear,
1238 1351 72 38 and
1327 1352 113 37 know
1458 1351 55 38 All
1534 1352 11 34 I
1608 1352 43 36 de
1675 1373 14 5 -
1713 1353 93 37 sired
1824 1353 72 37 and
1914 1353 141 38 wished
2073 1354 141 42 be-low;
2267 1354 82 38 And
2389 1358 121 43 ev-’ry
2522 1367 122 33 power
2660 1356 75 40 find
2753 1361 114 35 sweet
2884 1358 171 45 em-ploy,
3077 1358 37 37 In
3147 1362 82 35 that
3246 1372 19 25 e
3281 1381 13 5 -
3310 1363 54 36 ter
3381 1380 12 7 -
3412 1362 59 37 nal
3488 1364 113 38 world
3618 1366 39 35 of
3685 1366 78 46 joy;
3787 1369 76 46 joy.

3734 1412 19 31 1
3825 1416 22 30 2

610 1610 78 38 The
705 1612 120 36 words
843 1623 41 24 as
902 1612 175 44 arranged
1096 1613 34 34 in
1148 1612 74 38 this
1241 1613 115 45 hymn
1376 1613 105 44 begin
1500 1624 45 24 on
1563 1613 63 36 the
1643 1614 133 38 second
1792 1627 103 25 verse
1912 1616 37 35 of
1965 1615 62 39 the
2045 1616 150 44 original
2220 1616 130 47 hymn,
2368 1617 62 37 the
2446 1619 80 36 first
2542 1629 105 24 verse
2665 1616 108 48 being
2792 1618 23 17 “
2829 1618 121 38 Sweet
2967 1620 30 35 is
3014 1620 62 37 the
3093 1621 104 37 work
3214 1623 38 35 of
3276 1620 98 47 God,
3394 1635 62 34 my
3475 1623 139 48 King.”
3664 1627 79 38 The
3760 1628 150 49 original

521 1666 104 26 name
642 1656 37 37 of
702 1656 63 36 the
787 1656 114 44 hymn
919 1666 78 27 was
1018 1657 59 35 “A
1096 1654 99 48 Song
1220 1658 55 34 for
1290 1658 62 37 the
1371 1656 128 39 Lord’s
1526 1658 125 43 Day.”
1703 1658 66 38 Mr.
1792 1661 95 42 Hall,
1905 1661 62 36 the
1984 1660 131 38 author
2132 1663 36 33 of
2192 1662 62 35 the
2280 1660 127 45 music,
2426 1673 79 26 was
2523 1662 87 36 born
2630 1664 34 34 in
2687 1663 83 43 1718
2787 1664 71 36 and
2884 1664 79 36 died
2989 1665 35 35 in
3047 1666 94 44 1827.
3192 1666 54 37 He
3272 1667 133 44 taught
3423 1668 112 38 music
3552 1671 56 37 for
3624 1672 141 38 several
3790 1685 118 35 years.

521 1701 115 43 Many
659 1700 38 37 of
720 1701 59 36 his
801 1704 109 34 tunes
926 1711 60 27 are
1011 1702 35 34 in
1070 1703 63 35 the
1157 1702 58 36 old
1238 1705 88 35 tune
1351 1702 131 44 books,
1500 1713 134 32 among
1659 1714 100 26 some
1783 1705 39 35 of
1843 1706 63 35 the
1931 1714 126 28 names
2081 1717 61 25 are
2168 1705 22 16 “
2207 1706 66 44 My
2290 1704 161 46 Glory,”
2471 1704 241 47 “Canaan,”
2732 1707 309 48 “Crucifixion,”
3061 1708 23 18 “
3102 1710 232 47 Harmony,”
3354 1711 22 16 “
3395 1710 218 50 Hosanna,”
3633 1715 95 39 “All
3744 1717 126 41 Saints
3885 1721 24 17 ”

522 1743 116 47 (new)
655 1745 31 36 is
704 1745 78 37 said
798 1748 36 35 to
853 1746 42 35 be
913 1745 57 37 his
988 1748 159 41 greatest
1163 1746 108 43 piece.
1323 1746 54 36 He
1394 1757 78 26 was
1490 1758 21 24 a
1528 1748 93 41 good
1638 1747 134 46 singer,
1790 1751 72 34 and
1878 1749 134 45 taught
2029 1751 113 35 music
2159 1752 56 34 for
2232 1763 21 23 a
2270 1749 84 46 long
2371 1753 86 35 time
2475 1753 35 34 in
2530 1749 294 42 Massachusetts
2841 1754 72 34 and
2930 1754 102 37 other
3050 1753 134 41 States.

609 1789 24 17 “
649 1789 182 39 Devotion
846 1792 23 15 ”
888 1800 78 27 was
982 1783 81 44 first
1078 1788 192 46 published
1288 1791 49 44 by
1355 1790 271 45 Amarick.Hall
1644 1793 35 35 in
1702 1794 95 37 1811.
1847 1794 67 36 See
1932 1804 92 36 page
2046 1807 35 32 13
2102 1796 36 35 of
2157 1794 22 16 “
2192 1795 181 41 Southern
2395 1796 231 45 Harmony,”
2649 1797 80 44 1835
2743 1824 9 17 >
2783 1796 23 17 “
2824 1797 171 37 Missouri
3018 1795 231 51 Harmony,”
3272 1801 97 44 1827,
3387 1812 92 36 page
3498 1815 53 34 34.

1937 1848 193 37 Copyright,
2145 1850 75 34 1908,
2234 1850 44 34 by
2286 1852 30 33 J.
2331 1849 30 28 S.
2369 1852 123 33 James.

606 1936 87 44 Key
715 1934 46 35 of
777 1935 35 37 E
835 1934 141 37 Minor.
1927 1917 322 57 KEDRON.
2321 1918 62 54 L.
2423 1920 82 51 M.

1870 2006 121 33 “I/ard,
2005 2005 183 29 remember
2200 2006 223 34 me.”—Luke
2441 2010 32 25 24
2486 2017 7 19 :
2510 2009 42 27 42.

3731 2055 19 32 1
3822 2059 23 29 2

3722 2271 21 32 1
3816 2275 23 29 2

665 2466 109 41 Thou
794 2469 86 36 Man
899 2469 38 36 of
960 2470 104 44 grief,
1084 2469 227 40 re-mem-ber
1352 2482 68 33 me,
1442 2470 106 38 Thou
1567 2482 110 26 never
1695 2475 104 35 canst
1814 2473 70 44 thy
1917 2492 12 7 -
1965 2474 70 37 self
2050 2475 57 35 for
2129 2494 13 6 -
2160 2478 62 41 get
2270 2473 86 48 Thy
2373 2476 71 37 last
2460 2488 44 24 ex
2522 2497 15 6 -
2551 2476 54 43 pir
2622 2495 12 7 -
2653 2478 63 43 ing
2747 2489 49 34 ag
2819 2497 14 6 -
2849 2489 21 25 o
2896 2499 15 6 -
2937 2475 153 52 ny,Thy
3106 2481 173 45 faint-ing
3297 2492 119 37 pangs
3434 2484 72 38 and
3525 2486 151 47 blood-y
3692 2489 127 40 sweat.

3717 2537 20 26 1

3721 2749 20 32 1
3814 2753 21 30 2

594 2960 93 37 This
711 2960 89 39 tune
824 2971 152 34 appears
1001 2961 36 36 in
1056 2960 221 40 “Southern
1304 2961 232 48 Harmony,”
1555 2963 51 44 by
1624 2963 160 41 William
1804 2965 168 45 Walker,
1994 2966 81 45 1835
2101 2967 73 36 and
2203 2968 96 45 1849,
2317 2976 56 29 an<
2372 2968 17 35 ^
2408 2965 170 39 “Sacred
2603 2963 235 52 Harmony,”
2856 2969 51 46 by
2926 2969 127 46 White
3076 2968 73 42 and
3176 2972 111 46 King,
3309 2975 85 43 1844
3409 2974 74 39 and
3510 2976 96 47 1869.
3656 2977 82 39 The
3761 2982 88 37 tune
3873 2985 32 32 is

502 3004 154 39 credited
675 3006 35 36 in
729 3004 23 18 “
767 3003 182 42 Southern
969 3006 190 46 Harmony
1171 3007 22 17 ”
1212 3010 36 33 to
1269 3006 96 39 Dare
1382 3019 41 26 as
1440 3008 63 39 the
1520 3008 142 38 author.
1715 3010 29 37 It
1761 3011 30 35 is
1809 3021 68 25 one
1890 3012 37 34 of
1944 3011 62 38 the
2024 3012 57 35 old
2099 3010 170 40 melodies
2286 3010 38 39 of
2339 3012 62 38 the
2419 3011 209 43 nineteenth
2647 3012 162 48 century,
