4056 3383
490 356 34 47 8
1454 346 470 58 RUDIMENTS
1994 348 102 56 OF

517 448 51 32 16.
593 446 118 35 When
732 444 87 46 only
840 457 22 21 a
884 448 90 43 part
994 445 42 35 of
1057 445 62 35 the
1138 444 171 51 previous
1330 456 157 35 passage
1511 448 31 33 is
1564 450 40 30 to
1625 447 45 34 be
1694 446 187 46 repeated,
1901 448 80 33 how
2001 447 32 35 is
2054 448 33 34 it

426 495 39 31 to
485 493 44 33 be
549 490 207 38 indicated?

518 538 56 43 By
600 537 82 33 dots
709 534 130 47 placed
866 537 36 33 in
928 537 61 33 the
1015 546 126 34 spaces
1169 539 39 29 at
1234 535 60 34 the
1321 536 97 43 right
1443 536 99 34 hand
1568 538 41 31 of
1637 548 21 22 a
1682 536 80 42 bar,
1787 539 38 31 in
1849 537 115 34 which
1990 546 95 33 case,

426 582 49 34 all
497 583 163 33 between
683 581 61 34 the
765 584 71 31 two
859 584 73 30 sets
954 591 41 21 or
1018 580 82 34 dots
1122 582 30 32 is
1175 584 38 31 to
1236 579 43 34 be
1303 581 184 42 repeated.

514 629 51 31 18.
591 626 111 35 What
724 626 85 33 does
831 626 60 32 the
915 626 63 33 Bis
999 624 135 45 imply?

516 672 96 33 That
630 671 60 34 the
708 679 157 37 passage
884 680 38 23 so
941 669 152 35 marked
1110 671 31 33 is
1160 674 38 32 to
1216 669 45 35 be
1279 670 214 46 performed
1513 672 112 34 twice.

517 718 52 31 18.
594 716 112 34 What
735 715 86 33 does
851 716 59 32 the
938 715 86 33 hold
1054 725 43 24 or
1122 724 115 39 pause
1266 715 153 34 denote?

517 762 96 34 That
637 762 61 32 the
722 763 84 31 tone
830 760 185 33 indicated
1039 762 30 31 is
1093 765 38 30 to
1156 762 45 33 be
1223 759 203 50 prolonged
1451 772 22 21 a
1498 761 213 34 reasonable
1735 764 86 32 time
1846 762 129 43 longer
1998 763 88 33 than

429 807 103 35 other
563 809 113 31 notes.

519 854 51 31 19.
596 851 112 34 What
729 852 30 31 is
782 862 22 21 a
827 851 141 33 Unison
991 850 183 45 Passage?

519 897 34 33 A
576 905 155 36 passage
753 896 36 32 in
810 896 112 31 which
944 898 71 29 two
1037 906 41 22 or
1100 906 99 23 more
1221 897 104 44 parts
1348 896 81 43 sing
1451 899 37 31 to
1510 897 59 32 the
1591 906 97 23 same
1712 898 111 32 tones.

566 941 141 35 Unison
746 941 170 43 Passage.
1135 940 99 35 Fine.
1542 941 64 33 Bis
1845 943 43 30 D.

520 1362 56 32 20.
599 1359 115 35 What
744 1359 32 32 is
809 1359 226 34 understood
1068 1361 47 43 by
1149 1362 61 32 the
1243 1360 128 34 letters
1403 1362 47 31 D.
1483 1362 40 33 C.

521 1406 62 33 Da
604 1404 114 44 Capo.
763 1403 106 36 Close
892 1405 86 32 with
1001 1406 61 32 the
1085 1406 82 32 first
1191 1403 127 37 strain.

523 1451 54 32 21.
601 1448 113 35 What
734 1449 30 33 is
785 1450 60 33 the
865 1449 170 45 meaning
1055 1450 40 32 of
1115 1451 45 32 D.
1182 1449 58 34 S.?

523 1495 73 33 Dal
618 1494 131 45 Segno.
795 1495 143 32 Return
961 1496 38 31 to
1021 1495 91 44 sign.

524 1542 53 30 22.
603 1539 112 35 What
741 1540 30 31 is
799 1550 22 22 a
847 1539 150 43 triplet?

524 1585 117 33 Three
666 1583 109 45 equal
799 1588 103 31 tones
927 1584 215 45 performed
1167 1586 39 32 in
1230 1584 60 35 the
1316 1585 87 34 time
1428 1586 41 32 of
1493 1590 82 30 two.

524 1632 53 31 23.
604 1630 95 34 How
722 1630 48 32 do
790 1642 53 21 we
862 1630 106 33 know
988 1630 120 34 them?

524 1676 117 34 There
663 1686 64 22 are
749 1675 101 34 three
871 1678 116 36 notes,
1008 1675 144 35 slurred
1172 1686 42 24 or
1235 1675 88 39 tied,
1343 1687 41 21 or
1403 1677 153 33 marked
1575 1678 88 31 with
1685 1687 21 21 a
1728 1677 116 44 figure
1865 1679 32 30 3.

524 1723 53 31 24.
603 1720 112 35 What
742 1720 46 33 do
815 1731 53 24 we
895 1720 229 35 understand
1150 1722 48 42 by
1226 1732 21 21 a
1275 1721 268 44 Syncopation?

529 1767 36 32 It
589 1767 30 33 is
643 1766 60 32 the
728 1764 248 45 commencing
999 1766 41 32 of
1064 1777 21 20 a
1108 1770 84 32 tone
1217 1776 46 22 on
1287 1777 46 20 an
1358 1767 224 33 unaccented
1605 1768 85 32 beat
1714 1768 41 32 of
1778 1779 22 20 a
1822 1777 178 31 measure,
2023 1767 73 33 and

435 1810 217 44 continuing
683 1812 30 33 it
744 1811 81 33 into
854 1811 61 33 the
949 1810 188 47 following
1169 1809 175 36 accented
1374 1811 117 44 pulse,
1524 1812 240 45 temporarily
1798 1812 206 45 displacing
2036 1814 60 31 the

438 1888 149 35 natural
609 1889 136 33 accent.

1725 1936 374 37 SYNCOPATION.

527 2079 55 33 25.
605 2076 113 36 What
747 2077 113 34 about
887 2077 256 36 intermediate
1170 2078 126 34 tones?

529 2123 101 46 They
652 2133 110 26 occur
783 2124 162 33 between
967 2123 61 33 the
1052 2123 146 44 regular
1222 2126 102 30 tones
1348 2122 40 32 of
1413 2133 20 21 a
1456 2122 79 44 key.

529 2171 54 30 26.
610 2170 43 31 In
680 2169 60 34 the
767 2167 125 43 major
917 2168 69 43 key
1013 2167 102 34 when
1143 2169 46 33 do
1217 2178 51 24 we
1296 2167 76 32 find
1400 2166 255 35 intermediate
1683 2166 125 34 tones?

531 2214 171 33 Between
722 2214 15 31 1
759 2213 72 32 and
850 2215 32 37 2,
899 2215 21 30 2
940 2213 71 32 and
1030 2215 32 36 3,
1080 2214 20 31 4
1122 2213 71 33 and
1213 2214 31 38 5,
1265 2214 19 29 6
1304 2212 72 32 and
1397 2213 29 31 7.

481 2259 195 34 LESSON
700 2257 278 36 IVMODES
1001 2258 68 34 OR
1092 2258 173 34 MOODS
1289 2258 64 32 OF
1376 2257 130 34 TIME
1529 2257 111 32 AND
1664 2254 234 37 BEATING
1919 2256 139 34 TIME.

530 2306 30 32 1.
585 2303 113 35 What
725 2313 63 24 are
815 2303 125 33 modes
966 2313 42 22 or
1034 2303 127 33 moods
1188 2302 42 33 of
1256 2303 110 32 time?

531 2349 36 33 It
587 2350 30 31 is
639 2359 22 22 a
681 2348 154 35 division
855 2349 42 31 of
916 2348 61 33 the
997 2358 165 24 measure
1182 2348 80 33 into
1280 2348 61 34 the
1361 2356 138 37 proper
1519 2347 99 39 time,
1640 2348 140 38 counts,
1801 2344 205 46 pulsations
2029 2345 72 34 and

440 2393 115 35 beats.

529 2442 32 31 2.
586 2440 97 33 Does
710 2438 60 34 the
796 2440 87 32 time
909 2439 42 32 of
976 2448 22 23 a
1023 2440 88 33 tune
1136 2448 85 26 ever
1247 2437 138 43 change
1412 2437 99 33 from
1537 2436 82 35 that
1645 2439 56 31 set
1728 2439 40 31 at
1794 2437 60 32 the
1881 2434 219 47 beginning?

442 2484 39 34 If
503 2495 52 28 so,
577 2485 80 32 how
678 2485 31 32 is
731 2484 73 33 this
828 2484 115 32 done?

531 2530 85 38 Yes,
639 2531 29 31 it
692 2528 104 35 often
820 2529 156 44 changes
1000 2530 37 32 in
1060 2539 97 24 some
1181 2528 241 45 composition
1443 2539 43 21 or
1509 2530 98 31 tune.
1652 2527 204 34 Whenever
1880 2526 60 34 the
1965 2526 137 44 change

441 2573 176 35 occurred
638 2574 101 34 there
760 2574 30 34 is
809 2574 132 44 placed
962 2584 46 22 on
1028 2575 60 32 the
1109 2575 92 33 staff
1221 2574 180 33 whatever
1422 2574 105 33 mode
1549 2574 29 32 it
1598 2574 43 37 is,
1660 2572 61 34 the
1741 2572 135 44 figures
1899 2574 189 42 represent

441 2620 64 44 ing
524 2620 84 33 that
626 2617 207 49 particular
855 2619 106 33 mode
983 2620 41 31 of
1047 2621 98 32 time.

880 2663 305 37 DIFFERENT
1218 2664 172 34 MODES
1422 2664 65 34 OF
1519 2663 140 34 TIME.

530 2713 31 30 3.
589 2710 94 33 How
703 2719 109 35 many
832 2710 126 34 modes
980 2710 42 33 of
1043 2711 86 33 time
1151 2712 29 32 is
1202 2710 102 34 there
1326 2709 186 45 generally
1534 2709 89 33 used
1645 2710 37 31 in
1701 2709 137 33 music?

531 2756 117 33 There
672 2764 63 25 are
759 2754 141 38 several
921 2754 137 42 modes,
1082 2765 133 33 among
1238 2755 97 32 them
1360 2765 62 23 are
1445 2755 60 34 the
1531 2754 203 45 following:
1781 2753 186 40 Common,
1991 2751 111 45 triple

441 2800 74 36 and
536 2798 219 46 compound,
775 2803 67 32 etc.

530 2849 32 31 4.
588 2847 96 33 How
711 2856 110 34 many
847 2846 125 34 modes
1001 2846 42 34 of
1070 2854 164 26 common
1260 2846 88 34 time
1376 2854 62 25 are
1465 2845 123 33 there?

532 2890 197 45 Generally
756 2891 113 34 three.

530 2940 32 30 5.
586 2936 113 36 What
718 2946 63 25 are
801 2938 87 42 they
906 2935 118 37 called
1044 2937 73 33 and
1135 2938 80 31 how
1235 2936 46 32 do
1302 2944 53 24 we
1374 2934 105 34 know
1499 2936 120 33 them?

530 2983 67 35 We
616 2982 106 37 know
742 2983 98 36 them
861 2983 49 46 by
928 2982 62 40 the
1012 2981 199 40 fractional
1231 2980 135 46 figures
1384 2979 133 49 placed
1539 2983 39 32 at
1599 2980 61 38 the
1680 2977 198 50 beginning
1898 2978 41 35 of
1961 2988 21 24 a
2002 2980 100 37 tune,

2163 345 255 57 MUSIC.
2558 341 350 57 Continued.

2167 457 40 25 as
2225 447 40 32 in
2284 454 70 35 any
2373 443 139 44 change
2531 442 43 33 of
2591 442 89 33 time
2698 443 42 31 of
2758 441 62 32 the
2838 438 126 34 music.

2258 493 29 30 6.
2315 491 93 32 How
2429 489 45 32 do
2494 499 52 21 we
2565 487 105 34 know
2692 488 55 32 1st
2765 484 106 35 mode
2891 484 40 31 of
2950 492 165 26 common
3133 484 110 33 time?

2258 536 86 34 Two
2374 544 83 23 over
2485 535 83 37 two,

2168 582 65 33 has
2260 584 71 30 two
2358 580 103 32 beats
2488 581 38 29 to

2170 628 59 33 the
2247 634 176 27 measure.

2546 763 18 30 1
3268 742 84 34 first
3383 741 116 39 down,
3531 740 134 35 second
3697 750 63 34 up.

3274 785 150 46 Having
3465 797 21 21 a
3528 785 210 39 semibreve,
3779 793 44 24 or

3271 834 48 32 its
3341 832 217 44 equivalent,
3578 831 101 34 thus:

2176 923 61 31 for
2258 931 22 21 a
2300 926 166 27 measure
2487 919 97 32 note.
2630 914 37 36 It
2688 916 29 34 is
2741 913 179 36 rendered
2942 914 36 32 in
3001 914 100 32 three
3125 910 151 36 seconds
3298 914 37 30 to
3359 910 61 34 the
3442 918 176 24 measure.
3666 909 42 32 In
3734 917 97 26 some

2174 966 113 33 books
2313 965 30 32 it
2367 964 31 33 is
2424 964 117 32 called
2568 960 237 37 double-time
2831 969 41 23 or
2897 959 162 34 two-two
3085 959 99 37 time,
3209 954 175 36 accented
3409 964 47 23 on
3481 954 82 33 first
3588 955 88 43 part
3703 954 41 32 of
3770 953 61 33 the

2175 1019 178 32 measure,
2384 1019 46 22 on
2460 1010 61 32 the
2552 1007 105 34 down
2687 1006 95 34 beat.

2264 1057 31 31 7.
2321 1054 95 33 How
2438 1055 32 32 is
2493 1054 62 33 the
2577 1050 134 36 second
2732 1049 106 35 mode
2859 1047 153 36 known?

2265 1100 58 44 By
2353 1100 86 32 four
2467 1108 86 23 over
2583 1097 96 35 four.
2732 1095 149 45 Having
2911 1093 60 36 the
3001 1103 100 24 same
3129 1102 166 24 measure
3326 1093 85 32 note
3441 1100 39 23 as
3511 1091 61 32 the
3602 1090 82 33 first
3713 1088 119 41 mode,

2174 1145 214 48 performed
2414 1147 37 30 in
2477 1146 70 30 two
2575 1143 72 32 and
2672 1140 165 36 one-half
2863 1139 150 35 seconds
3039 1141 40 30 to
3102 1139 60 32 the
3189 1146 176 25 measure.
3413 1136 116 33 When
3555 1135 60 32 the
3643 1135 191 33 four-note

2174 1192 148 33 method
2341 1192 30 32 is
2392 1189 102 40 used,
2516 1187 73 34 and
2608 1188 66 34 has
2697 1187 85 33 four
2804 1184 102 35 beats
2926 1186 39 32 to
2985 1184 62 33 the
3068 1193 177 28 measure,
3266 1181 103 34 when
3388 1189 109 24 seven
3518 1179 111 44 shape
3652 1190 41 22 or
3715 1178 119 34 round

2174 1241 103 29 notes
2302 1246 61 23 are
2387 1234 100 34 used.
2534 1233 39 33 If
2595 1235 71 31 two
2690 1231 104 35 beats
2817 1230 84 44 they
2923 1229 73 34 will
3020 1229 44 32 be
3089 1230 105 31 down
3218 1226 72 34 and
3315 1236 68 34 up;
3408 1225 32 32 if
3466 1225 84 31 four
3575 1224 115 39 beats,
3715 1223 117 40 down,

2171 1283 83 39 left,
2281 1281 109 45 right,
2416 1290 62 34 up.
2529 1278 46 34 In
2600 1287 97 25 some
2723 1276 112 35 books
2862 1276 31 33 it
2919 1275 30 33 is
2977 1274 118 34 called
3122 1272 206 46 quadruple
3355 1281 43 26 or
3433 1271 191 33 four-four
3651 1271 99 37 time,
3777 1279 42 23 ac

2173 1327 129 34 cented
2325 1335 45 23 on
2393 1326 59 32 the
2475 1324 83 34 first
2580 1324 73 32 and
2674 1323 99 33 third
2796 1323 103 42 parts
2923 1320 41 34 of
2983 1321 62 33 the
3067 1328 178 24 measure.
3296 1317 86 44 (See
3404 1316 165 43 example
3591 1315 145 42 below.)

2261 1375 31 30 8.
2318 1371 96 33 How
2432 1370 46 32 do
2496 1380 53 23 we
2567 1368 107 34 know
2691 1369 63 34 the
2771 1367 100 34 third
2889 1365 107 35 mode
3015 1366 43 32 of
3076 1375 165 23 common
3259 1364 109 33 time?

2263 1416 58 44 By
2346 1417 61 32 the
2432 1415 137 43 figures
2595 1414 87 33 Two
2709 1423 85 23 over
2821 1411 111 41 Four,
2957 1420 95 35 sung
3076 1411 38 33 in
3140 1420 67 24 one
3234 1409 73 33 and
3333 1407 167 34 one-half
3522 1406 154 34 seconds
3703 1409 39 29 to
3768 1403 62 34 the

2176 1472 177 31 measure,
2373 1462 135 41 having
2529 1463 71 29 two
2623 1458 104 35 beats
2750 1462 37 29 to
2808 1457 61 34 the
2891 1465 178 32 measure,
3092 1455 106 32 down
3220 1454 71 33 and
3316 1464 61 33 up.
3424 1453 37 33 It
3481 1453 31 31 is
3535 1451 116 33 called
3674 1452 37 31 in
3734 1458 97 25 some

2180 1510 42 31 of
2246 1507 61 34 the
2330 1506 113 33 books
2469 1503 248 36 double-time.
2765 1501 184 35 Accented
2975 1512 46 23 on
3046 1501 60 33 the
3130 1500 83 32 first
3237 1501 87 42 part
3350 1498 40 33 of
3415 1497 61 33 the
3500 1505 179 30 measure,
3703 1494 135 44 having

2178 1565 22 20 a
2216 1552 124 33 minim
2360 1552 60 31 for
2439 1559 167 24 measure
2626 1550 113 32 notes.
2783 1548 44 31 In
2845 1546 72 34 this
2936 1544 94 34 book
3050 1545 49 32 all
3117 1544 124 32 modes
3261 1544 41 32 of
3320 1543 88 32 time
3426 1541 90 32 have
3536 1539 85 45 only
3639 1543 73 31 two
3731 1539 104 34 beats

2177 1603 38 29 to
2239 1597 61 33 the
2322 1605 165 24 measure
2512 1597 128 41 except
2664 1593 110 46 triple
2795 1592 106 43 time;
2924 1591 30 32 it
2977 1591 65 34 has
3064 1590 102 35 three
3189 1588 114 34 beats.

2825 1896 190 38 TRIPLE
3048 1896 140 34 TIME.

2269 1952 32 32 9.
2325 1948 161 46 Explain
2514 1949 115 33 about
2654 1947 62 34 the
2744 1946 83 34 first
2854 1943 73 33 and
2956 1943 133 34 second
3118 1941 127 34 moods
3274 1941 42 32 of
3344 1938 113 45 triple
3484 1939 99 31 time.

2270 1996 76 34 The
2376 1995 84 34 first
2487 1994 110 33 mood
2626 1992 44 34 of
2697 1991 112 44 triple
2838 1989 88 34 time
2956 1988 31 34 is
3016 1987 132 33 known
3177 1987 50 42 by
3256 1985 102 34 three
3389 1993 86 24 over
3504 1985 84 32 two.
3642 1981 194 34 Rendered

2180 2044 37 32 in
2249 2042 102 35 three
2383 2040 151 34 seconds
2566 2042 41 30 to
2637 2038 61 34 the
2731 2043 165 28 measure
2930 2033 71 33 and
3035 2032 133 44 having
3202 2042 20 21 a
3256 2027 140 43 dotted,
3430 2027 198 35 semibreve
3661 2038 42 22 or
3735 2025 101 34 three

2180 2088 143 33 minims
2349 2089 38 31 to
2414 2087 60 32 the
2500 2094 176 25 measure.
2725 2082 116 34 Three
2866 2078 104 36 beats
2998 2081 38 31 to
3061 2078 61 33 the
3149 2086 176 30 measure,
3351 2075 116 40 down,
3494 2073 81 40 left,
3603 2084 61 32 up.
3715 2072 106 33 Some

2181 2134 105 34 times
2313 2132 71 34 this
2411 2133 30 32 is
2468 2130 117 34 called
2611 2128 190 36 three-two
2829 2125 100 42 time,
2955 2122 173 37 accented
3156 2134 47 22 on
3230 2122 59 34 the
3317 2120 82 35 first
3426 2122 88 41 part
3541 2119 41 32 of
3608 2119 88 33 each
3722 2127 98 25 meas

2184 2189 75 24 ure.
2321 2175 198 47 (Example
2551 2175 145 44 below.)

2273 2225 51 32 10.
2351 2225 94 31 How
2467 2223 46 32 do
2535 2232 53 23 we
2607 2221 105 33 know
2732 2219 60 35 the
2814 2216 132 36 second
2966 2216 107 33 mode
3096 2215 40 33 of
3157 2213 110 45 triple
3291 2213 108 34 time?

2273 2270 74 34 The
2376 2270 132 33 second
2537 2267 105 34 mode
2672 2267 40 32 of
2741 2264 109 47 triple
2879 2263 88 36 time
2997 2264 29 32 is
3054 2260 130 35 known
3213 2261 48 42 by
3290 2259 102 36 three
3421 2268 87 23 over
3538 2257 97 41 four,
3664 2259 70 31 two
3765 2265 57 24 sec

2183 2317 90 35 onds
2300 2318 37 29 to
2364 2317 61 31 the
2451 2324 177 28 measure,
2655 2314 102 32 three
2782 2310 117 42 beats,
2926 2308 118 41 down,
3070 2306 83 41 left,
3179 2317 60 33 up.
3269 2303 187 37 Accented
3483 2315 45 22 on
3556 2303 61 35 the
3644 2302 83 34 first
3753 2300 87 35 beat

2182 2364 37 31 in
2241 2361 60 34 the
2322 2370 177 30 measure,
2521 2360 134 43 having
2675 2358 101 35 three
2798 2353 192 39 Crotchets
3012 2357 38 30 to
3071 2354 60 33 the
3154 2361 177 25 measure.
3382 2348 199 45 (Example
3602 2349 145 43 below.)

2273 2408 50 31 11.
2350 2404 92 35 How
2469 2406 112 32 about
2606 2404 61 34 the
2692 2403 99 34 third
2815 2401 106 35 mode
2947 2400 40 34 of
3013 2399 110 44 triple
3148 2400 108 31 time?

2278 2452 36 32 It
2342 2453 29 33 is
2397 2452 131 32 known
2556 2450 47 44 by
2631 2449 102 35 three
2760 2457 85 24 over
2873 2445 99 45 eight
3000 2443 178 36 rendered
3205 2444 38 31 in
3272 2444 16 31 1
3305 2444 59 32 1-4
3391 2440 152 34 seconds
3572 2442 39 32 to
3639 2440 61 34 the
3727 2448 98 25 meas

2184 2508 74 23 ure.
2301 2495 186 35 Accented
2507 2506 46 22 on
2571 2495 62 34 the
2652 2496 57 32 1st
2727 2496 88 43 part
2832 2491 42 35 of
2891 2491 61 33 the
2971 2498 165 27 measure
3154 2490 31 32 it
3202 2489 66 31 has
3285 2485 104 38 three
3405 2486 117 40 beats,
3541 2485 117 40 down,
3677 2484 82 40 left,
3778 2493 62 34 up.

2190 2541 199 48 (Example
2413 2541 145 43 below.)
