4004 3447
298 513 149 39 Philip
471 514 268 44 Doddridge,
765 515 96 35 1735.
912 518 84 42 Key
1021 515 41 37 of
1086 518 27 33 C
1138 512 136 52 Major.

1339 448 543 60 NINETY=THIRD
1921 449 274 54 PSALM.
2267 449 62 52 S.
2368 449 84 52 M.

1563 517 18 11 “
1592 518 46 33 By
1650 524 95 26 grace
1757 524 41 26 ye
1810 525 56 18 are
1880 515 253 33 saved.”—Eph.
2145 517 17 25 2
2173 525 8 18 :
2197 518 26 25 5.

2936 521 219 44 Jeremiah
3178 523 192 43 Ingalls,
3398 522 96 37 1805.

3519 470 65 49 31

393 753 29 27 1.
450 742 132 38 Grace!
602 743 61 38 ’tis
709 755 22 26 a
776 745 202 44 charm-ing
1024 746 132 45 sound,
1175 742 273 43 Har-mo-nious
1493 750 39 33 to
1591 748 64 36 the

1722 757 71 34 ear;
1814 747 142 36 Heav’n
1972 747 90 37 with
2078 747 64 36 the
2175 747 64 35 ech
2271 768 16 6 -
2318 757 22 25 0
2386 747 94 36 shall
2526 759 37 25 re

2672 750 132 43 sound,
2822 750 83 35 And
2951 749 46 36 all
3042 751 64 35 the
3144 752 100 36 earth
3262 751 95 38 shall
3391 751 99 38 hear.

385 1023 31 28 2.
446 1013 117 37 Grace
579 1015 79 36 first
688 1017 202 36 con-trived
907 1016 63 37 the

1031 1027 85 35 way
1156 1015 53 39 To
1256 1029 88 25 save
1384 1028 35 25 re
1444 1037 12 7 -
1481 1018 54 36 bel
1550 1038 13 5 -
1579 1019 91 35 lious
1711 1029 94 33 man;
1828 1019 82 35 And
1949 1019 46 35 all

2062 1019 63 36 the
2171 1021 100 41 steps
2287 1019 82 36 that
2393 1030 103 33 grace
2521 1020 55 35 dis
2623 1038 12 8 -

2681 1020 103 44 play,
2802 1020 134 40 Which
2952 1021 97 37 drew
3061 1021 61 37 the
3161 1022 209 38 won-drous
3393 1023 97 44 plan.

390 1251 31 38 3.
448 1243 118 36 Grace
582 1245 132 42 taught
732 1253 62 34 my
805 1244 220 45 wan-d’ring
1042 1245 71 38 feet

1173 1244 52 38 To
1271 1246 100 37 tread
1387 1247 62 35 the
1488 1247 191 44 heav’n-ly
1726 1248 95 44 road;
1843 1247 82 36 And
1951 1258 81 26 new
2079 1258 68 33 sup
2163 1267 14 5 -
2193 1248 88 44 plies
2299 1248 88 36 each
2405 1248 92 37 hour
2523 1249 11 35 I

2671 1252 106 41 meet,
2798 1250 123 39 While
2936 1252 182 44 press-ing
3165 1262 46 25 on
3257 1254 38 35 to
3387 1251 98 37 God.

383 1482 33 34 4.
445 1471 118 37 Grace
603 1473 45 35 all
688 1473 62 36 the
797 1474 104 36 work
916 1475 93 35 shall
1027 1484 120 28 crown
1167 1473 173 46 Through
1367 1476 186 36 ev-er-last
1570 1495 13 7 -
1600 1478 61 43 ing
1707 1476 105 44 days;
1835 1477 30 36 It
1940 1476 79 45 lays
2081 1477 36 34 in
2163 1477 137 36 heav’n
2313 1477 62 37 the
2407 1481 61 40 top
2487 1496 12 7 -
2517 1481 96 34 most
2659 1481 118 41 stone,
2796 1479 82 35 And
2924 1480 80 36 well
3062 1481 43 34 de
3123 1498 10 8 ■
3150 1490 125 26 serves
3292 1490 64 26 our
3380 1483 128 42 praise.

299 1528 90 36 This
407 1528 115 44 hymn
541 1528 30 35 is
588 1539 45 24 on
654 1526 226 39 “Salvation
899 1531 49 42 by
966 1527 162 47 Grace,”
1145 1530 92 38 from
1262 1532 62 35 the
1349 1532 165 36 author’s
1539 1531 149 45 hymns,
1712 1540 96 34 1755.
1857 1532 80 36 The
1962 1533 150 43 original
2137 1543 105 26 name
2267 1534 37 34 of
2327 1533 75 36 this
2426 1536 88 34 tune
2538 1545 78 25 was
2644 1533 23 17 “
2686 1534 241 44 Kentucky.”
2978 1534 115 45 Philip
3120 1535 222 45 Doddridge,
3363 1536 47 36 D.
3434 1538 64 43 D.,
3516 1539 63 37 the

209 1573 129 37 author
362 1573 37 35 of
434 1572 62 35 the
532 1573 129 43 hymn,
687 1583 79 25 was
801 1573 87 36 born
914 1575 35 34 in
988 1572 164 45 London,
1183 1584 96 34 1702,
1305 1586 87 25 over
1414 1578 75 35 two
1513 1576 164 37 hundred
1702 1587 106 32 years
1833 1587 80 33 ago.
1973 1577 54 36 He
2051 1587 79 25 was
2155 1588 21 24 a
2200 1576 142 37 scholar
2364 1578 37 34 of
2425 1578 88 43 high
2539 1578 258 45 attainments;
2832 1590 79 25 was
2935 1579 168 37 ordained
3126 1583 37 34 to
3188 1581 62 36 the
3278 1580 298 40 Nonconformist

210 1617 185 44 ministry;
423 1627 79 26 was
520 1628 46 24 an
585 1615 152 45 English
758 1615 374 48 Congregationalist,
1152 1618 71 38 and
1239 1621 56 34 for
1312 1630 112 34 many
1440 1631 106 32 years
1564 1622 124 43 pastor
1703 1621 37 34 of
1757 1631 68 25 one
1842 1621 37 35 of
1902 1621 104 36 these
2025 1621 189 44 churches,
2232 1622 92 35 from
2346 1623 83 42 1829
2445 1625 37 33 to
2498 1623 64 36 the
2578 1622 86 37 time
2681 1623 37 35 of
2735 1623 58 36 his
2818 1624 120 43 death,
2961 1626 94 40 1852.
3107 1624 53 36 He
3185 1636 79 25 was
3289 1636 21 24 a
3336 1628 102 41 great
3463 1626 116 44 pulpit

208 1664 116 35 orator
349 1661 71 36 and
444 1661 220 43 theologian.
717 1661 54 36 He
787 1662 192 43 composed
1005 1673 111 34 many
1140 1661 172 41 standard
1337 1664 136 44 hymns
1498 1666 71 34 and
1594 1664 204 46 high-class
1823 1665 123 36 sacred
1972 1665 125 37 music.

295 1705 69 37 See
380 1705 129 37 sketch
528 1706 38 34 of
584 1704 180 37 Jeremiah
784 1707 134 43 Ingalls
935 1708 113 35 under
1063 1708 63 36 the
1142 1710 88 36 tune
1247 1707 23 16 “
1287 1707 242 39 Northfield.”
1580 1710 54 35 He
1651 1711 31 34 is
1699 1710 62 36 the
1778 1710 132 36 author
1927 1711 38 35 of
1978 1720 101 27 some
2095 1712 39 34 of
2147 1711 65 36 the
2228 1710 82 38 best
2327 1711 115 35 music
2458 1712 38 34 of
2518 1712 108 36 those
2649 1712 87 36 who
2759 1713 193 43 composed
2976 1713 36 36 in
3036 1714 59 35 his
3119 1714 85 44 day,
3222 1713 74 37 and
3321 1724 113 34 many
3456 1716 40 34 of
3518 1715 60 36 his

207 1752 107 35 tunes
332 1761 59 25 are
407 1750 72 36 still
496 1750 149 43 popular
661 1750 89 37 with
768 1751 63 36 the
847 1752 132 35 church
998 1752 137 44 people,
1154 1750 193 47 especially
1363 1753 35 36 in
1415 1754 62 35 the
1497 1754 134 37 United
1645 1753 136 45 States,
1799 1754 72 36 and
1890 1766 112 32 many
2018 1756 36 34 of
2071 1756 58 34 his
2148 1756 80 34 best
2244 1755 232 44 productions
2493 1766 59 26 are
2570 1757 35 34 in
2622 1755 63 38 the
2702 1756 143 44 leading
2862 1760 87 34 tune
2967 1758 70 36 and
3061 1758 115 44 hymn
3194 1758 117 37 books
3329 1758 38 36 of
3390 1759 140 44 to-day.

297 1793 90 37 This
404 1796 89 34 tune
508 1804 151 33 appears
677 1795 34 35 in
732 1793 179 38 Jeremiah
933 1795 148 44 Ingall’s
1099 1794 24 17 “
1138 1795 100 45 Song
1256 1796 168 45 Books,”
1443 1797 198 45 beginning
1662 1798 81 44 1805
1761 1802 37 32 to
1822 1801 104 42 1820;
1955 1800 77 35 also
2050 1799 34 35 in
2102 1800 62 35 the
2183 1798 23 16 “
2221 1799 178 37 Southern
2419 1798 231 46 Harmony,”
2670 1801 49 42 by
2737 1800 166 44 Walker,
2926 1803 79 42 1835
3024 1802 71 35 and
3124 1803 95 42 1849,
3238 1802 51 45 by
3305 1813 100 26 same
3421 1803 153 46 author;

208 1838 35 35 in
259 1838 63 38 the
341 1837 24 17 “
378 1836 194 40 Christian
591 1837 232 47 Harmony,”
845 1840 84 35 1866
944 1841 72 34 and
1037 1851 95 35 1901.
1182 1840 67 38 See
1270 1840 23 17 “
1311 1841 170 38 Missouri
1501 1839 230 48 Harmony,”
1751 1854 91 32 page
1862 1854 53 33 31,
1938 1845 96 42 1837,
2053 1844 71 36 and
2142 1854 112 33 many
2270 1844 102 35 other
2388 1842 251 47 publications.
2827 1853 187 36 copyright,
3028 1856 74 32 1909,
3116 1854 44 35 by
3171 1857 27 34 j.
3211 1857 31 28 s.
3256 1858 119 35 James.

1568 1905 387 61 WEBSTER.
2030 1910 59 49 S.
2132 1911 80 49 M.

292 1973 122 37 Isaac
438 1974 158 39 Watts,
626 1973 96 36 1707.
771 1976 85 41 Key
880 1974 41 33 of
943 1975 35 33 G
1002 1972 135 48 Major.
1488 1984 59 28 “if
1558 1994 19 19 a
1590 1993 78 21 man
1680 1986 73 28 love
1765 1993 62 26 me,
1840 1987 45 27 he
1899 1986 70 28 will
1982 1986 86 35 keep
2081 1994 57 27 my
2149 1987 139 29 words.”

418 2213 28 25 i.
475 2201 120 37 Come
619 2213 56 25 we
698 2203 84 35 who
799 2202 82 36 love
897 2203 62 36 the
1008 2201 107 46 Lord,
1142 2203 83 37 And
1285 2204 49 37 let
1379 2215 66 25 our
1460 2205 83 44 joys
1608 2206 42 36 be
1741 2206 151 36 known:
1908 2205 82 36 Join
2025 2207 35 34 in
2122 2218 21 24 a
2213 2217 92 33 song
2322 2207 89 35 with
2437 2210 114 35 sweet
2566 2218 41 25 ac
2625 2227 12 7 -
2654 2207 83 37 cord
2785 2208 82 36 And
2902 2208 88 37 thus
3008 2208 193 37 sur-round
3247 2209 59 37 the
3353 2211 142 36 throne.

414 2411 32 26 2.
474 2400 68 36 Let
579 2400 106 37 those
717 2410 36 26 re
771 2418 12 7 -
799 2401 82 35 fuse
912 2404 37 33 to
1012 2401 82 45 sing
1141 2402 84 37 who
1274 2413 71 24 nev
1363 2421 12 7 -
1396 2413 36 25 er
1456 2404 110 35 knew
1611 2412 65 29 our
1767 2403 96 44 God;
1894 2404 72 37 But
2027 2406 185 34 serv-ants
2252 2406 37 34 of
2326 2405 63 36 the
2406 2405 193 44 heav’n-ly
2648 2404 97 46 King
2786 2407 89 43 May
2892 2407 114 43 speak
3023 2407 94 36 their
3132 2408 84 43 joys
3278 2417 21 26 a
3329 2426 12 8 -
3373 2408 123 38 broad.

427 2619 30 34 3.
486 2608 79 37 The
613 2608 83 38 God
714 2609 83 37 that
813 2609 94 37 rules
924 2621 46 24 on
1017 2609 104 46 high,
1152 2610 98 37 That
1295 2611 45 36 all
1379 2612 63 36 the
1466 2613 100 35 earth
1615 2622 62 28 sur
1715 2631 14 6 -
1767 2624 106 32 veys,
1901 2612 97 38 That
2015 2613 93 35 rides
2125 2624 47 32 up
2198 2632 10 5 -
2235 2624 46 24 on
2341 2613 62 35 the
2451 2617 155 41 storm-y
2667 2614 87 44 sky,
2788 2615 82 36 And
2894 2613 111 37 calms
3022 2615 62 36 the
3124 2624 79 27 roar
3226 2635 16 7 -
3266 2615 62 44 ing
3412 2626 68 28 sea.

288 2817 90 40 This
406 2821 89 36 tune
519 2829 151 33 appears
696 2820 35 34 in
765 2818 24 16 “
803 2818 182 38 Southern
1012 2817 231 48 Harmony,”
1273 2823 96 42 1835,
1404 2821 50 44 by
1486 2822 160 41 William
1683 2821 165 45 Walker,
1881 2822 72 37 and
1979 2832 112 35 many
2121 2824 103 35 other
2256 2823 123 36 sacred
2402 2826 88 33 tune
2516 2823 117 38 books
2657 2824 95 44 prior
2774 2827 37 34 to
2836 2825 83 36 that
2941 2824 98 38 time.
3089 2823 80 37 The
3194 2824 148 45 original
3367 2836 107 27 name
3493 2837 80 27 was

201 2857 219 51 “Heavenly
447 2862 91 45 Joys
556 2874 45 25 on
621 2862 157 47 Earth,”
798 2865 197 44 appearing
1012 2865 35 36 in
1068 2864 138 39 Watts’
1227 2863 24 17 “
1266 2864 145 46 Hymns
1429 2866 37 36 of
1483 2865 170 47 Spiritual
1671 2865 164 46 Songs.”

288 2907 78 38 The
385 2908 131 37 author
532 2909 38 34 of
593 2908 63 36 the
672 2910 88 35 tune
780 2906 23 19 “
819 2907 170 39 Webster
1002 2908 24 18 ”
1045 2909 30 36 is
1093 2910 204 44 unknown,
1313 2911 27 35 it
1356 2910 140 45 having
1512 2909 176 49 appeared
1706 2912 35 34 in
1760 2922 21 24 a
1797 2911 97 44 large
1913 2909 151 40 number
2081 2913 37 34 of
2135 2923 92 32 song
2246 2911 116 38 books
2379 2913 55 35 for
2450 2913 63 37 the
2530 2913 72 37 last
2619 2913 100 44 sixty
2736 2923 106 35 years
2860 2913 159 37 without
3045 2913 107 45 being
3177 2913 152 38 credited
3346 2916 37 35 to
3401 2926 74 34 any
3491 2928 79 26 one.

201 2948 114 40 There
340 2962 59 27 are
415 2951 134 39 certain
575 2952 139 45 claims,
733 2952 184 45 however,
935 2953 82 37 that
1041 2953 28 37 it
1093 2964 86 32 may
1202 2953 96 38 have
1323 2953 90 38 been
1431 2956 142 36 written
1599 2956 50 44 by
1665 2953 149 40 Corelli.
1867 2955 70 40 We
1960 2955 110 39 think
2094 2957 75 35 this
2186 2957 31 35 is
2241 2967 22 27 a
2288 2958 169 37 mistake.
2508 2957 80 37 The
2611 2960 88 36 tune
2725 2967 84 36 may
2834 2959 96 35 have
2955 2957 90 37 been
3069 2957 113 39 taken
3206 2958 89 36 from
3319 2969 23 26 a
3365 2958 143 48 melody
3523 2962 50 45 by

200 2991 155 49 Handel,
373 2997 68 38 but
456 2997 102 38 there
574 2997 34 36 is
626 3007 47 26 no
689 2997 180 44 certainty
884 2997 114 37 about
1013 2998 39 37 it.
