4064 3430
1440 353 464 65 RUDIMENTS
1938 354 332 58 Continued

3581 349 32 49 3

425 603 77 40 The
517 601 182 48 following
714 603 185 45 examples
913 602 120 36 shows
1049 602 61 35 the
1124 599 151 48 position
1292 601 38 34 of

338 661 117 38 ferent
471 656 193 45 notations.
686 658 122 44 Shape
823 660 127 34 Notes.
976 658 81 44 Key
1071 658 39 33 of
1124 654 46 38 C.
1186 653 38 37 G
1240 656 91 35 Clef.

616 500 161 51 The
807 497 242 51 Seven
1080 490 303 66 Shaped
1423 493 245 50 Notes.

1353 599 60 36 the
1428 602 104 31 notes
1548 608 47 24 on
1622 596 62 35 the
1700 592 86 38 staff
1800 595 36 33 in
1853 592 61 37 the
1940 591 67 35 dif—

1358 653 68 44 Do,
1438 663 40 24 or
1494 653 78 35 One
1586 654 32 32 is
1626 662 46 22 on
1684 650 115 35 added
1809 648 72 35 line
1890 647 114 35 below

496 922 15 33 1
582 920 23 34 2
670 920 23 34 3
707 903 14 22 ?
776 922 23 32 4
865 919 25 35 5
954 920 24 35 6
1043 919 25 34 7
1233 916 56 46 .8
1355 915 23 35 7
1444 915 23 33 6
1534 913 23 35 5
1638 913 24 31 4
1728 910 23 36 3
1817 908 129 42 2,1

475 973 70 42 Do,
572 972 63 44 Re,
663 977 71 38 Me,
760 976 61 39 Fa,
835 974 73 40 Sol,
934 976 61 34 La.
1020 973 62 39 Se,
1109 972 67 36 Do.
1246 972 69 38 Do,
1341 971 60 39 Se,
1428 970 61 39 La,
1513 969 74 38 Sol,
1614 969 61 36 Fa,
1703 967 70 39 Me,
1799 965 66 39 Re,
1892 962 68 37 Do.

541 1048 213 62 Round
789 1050 221 66 Notes,
1047 1052 119 46 (Read
1189 1062 51 42 by
1254 1062 92 34 their
1374 1061 155 42 position
1546 1069 47 23 on
1607 1057 64 33 the
1683 1055 119 54 staff.)

385 1165 80 44 Key
480 1164 38 35 of
536 1165 28 34 E
582 1164 77 36 flat.
686 1165 41 38 B,
745 1166 29 32 E
792 1165 71 35 and
876 1166 34 32 A
925 1164 78 44 flat,
1024 1161 130 47 (Three
1170 1156 118 47 flats.)
1316 1157 126 38 Round
1456 1166 114 28 notes.

543 1427 14 32 1
627 1426 25 33 2
730 1426 24 34 3
819 1426 25 33 4
909 1422 112 47 5.6
1104 1419 289 44 7887
1474 1423 26 33 6
1562 1420 24 35 5
1651 1415 279 40 4321

527 1481 72 41 Do,
623 1482 68 39 Ra,
717 1483 73 38 Me,
823 1482 63 39 Fa,
904 1479 72 42 Sol,
995 1481 62 39 La,
1081 1481 61 38 Se,
1166 1481 68 35 Do.
1258 1481 69 38 Do,
1352 1480 64 39 Se,
1455 1479 62 37 La,
1532 1476 77 41 Sol,
1634 1477 64 38 Fa,
1722 1484 72 30 me,
1818 1472 69 39 Ra,
1900 1470 68 35 Do.

511 1577 136 58 The
680 1579 165 56 Scale
877 1596 64 39 or
975 1578 236 66 Gamut,
1247 1577 135 54 four
1403 1574 186 66 Shape
1625 1571 199 57 Notes.

407 1705 138 39 Names
562 1704 71 38 and
648 1707 150 42 position
817 1705 37 34 of
870 1705 60 34 the
946 1703 79 37 four
1040 1703 112 44 shape
1167 1707 104 33 notes
1286 1714 45 23 on
1349 1701 60 37 the
1424 1701 35 33 G
1474 1700 72 35 clef
1560 1699 98 37 staff.
1707 1694 95 47 (Key
1817 1694 37 35 of
1871 1690 59 46 C.)

500 1968 14 33 1
584 1966 113 37 23
777 1962 378 43 45678
1231 1964 113 37 87
1426 1961 200 38 654
1692 1960 23 34 3
1795 1959 25 32 2
1891 1956 14 33 1

477 2024 60 38 Fa,
561 2022 77 41 Sol,
662 2023 62 38 La,
751 2024 60 34 Fa.
829 2023 75 39 Sol,
930 2023 60 39 La,
1018 2023 70 38 Me,
1114 2022 62 35 Fa.
1203 2021 62 39 Fa,
1292 2022 71 38 Me,
1389 2021 62 39 La,
1475 2019 77 39 Sol,
1578 2018 61 37 Fa,
1680 2018 62 40 La,
1768 2013 75 40 Sol,
1878 2013 59 33 Fa.

390 2123 49 34 19.
490 2122 96 35 Does
602 2120 60 36 the
675 2122 112 43 shape
803 2122 37 34 of
857 2132 22 24 a
896 2125 84 32 note
996 2121 108 35 make
1118 2131 73 33 any
1206 2119 195 36 difference
1413 2119 108 34 about
1537 2119 45 32 its
1590 2117 152 41 position
1754 2123 46 26 on
1814 2111 59 36 the
1884 2110 116 34 music

340 2186 109 38 staff?
494 2188 69 41 No,
583 2187 61 36 the
658 2188 112 45 shape
785 2188 39 35 of
840 2188 61 35 the
919 2191 102 33 notes
1035 2187 45 35 do
1097 2192 62 29 not
1173 2186 94 36 have
1283 2184 175 54 anything
1474 2190 34 29 to
1526 2185 44 33 do
1588 2183 85 34 with
1683 2180 90 38 their
1784 2180 152 43 position
1955 2186 45 23 on

343 2255 60 35 the
419 2254 98 41 staff;
546 2253 87 46 they
648 2265 140 35 occupy
804 2254 60 38 the
879 2264 103 27 same
1009 2254 70 35 line
1095 2264 40 24 or
1162 2264 110 34 space
1288 2265 45 23 on
1353 2252 60 37 the
1426 2252 100 40 staff,
1546 2250 201 46 regardless
1763 2248 37 34 of
1816 2246 60 36 the
1890 2243 112 43 shape

343 2321 37 35 of
395 2320 63 39 the
471 2325 98 40 note,
584 2320 119 38 which
717 2324 32 33 is
762 2331 87 27 seen
863 2322 51 43 by
928 2321 186 37 reference
1128 2325 38 33 to
1181 2320 61 36 the
1256 2320 88 35 staff
1359 2324 56 32 set
1430 2324 61 30 out
1512 2319 128 36 above.

672 2417 419 71 Comparative
1125 2419 213 73 Length
1372 2418 67 59 of
1471 2417 209 56 Notes,

531 2532 34 35 A
585 2532 156 36 TABLE
765 2531 67 37 OF
851 2532 101 36 THE
976 2530 344 40 COMPARATIVE
1343 2531 193 39 LENGTH
1559 2530 62 38 OF
1643 2526 167 39 NOTES.

345 2600 33 33 A
391 2599 116 36 whole
523 2603 84 32 note
621 2602 33 32 is
668 2600 107 35 white
790 2599 84 36 with
893 2611 45 23 no
950 2602 106 38 stem,
1075 2598 102 37 thus:

343 2658 31 31 A
391 2654 77 39 half
483 2659 84 35 note
584 2657 30 31 is
630 2665 22 24 a
668 2654 107 39 white
790 2659 84 31 note
883 2654 85 36 with
982 2665 24 24 a
1019 2658 108 36 stem,
1146 2653 104 38 thus:

344 2727 32 32 A
393 2729 144 42 quarter
552 2730 86 30 note
651 2726 34 32 is
699 2735 24 23 a
738 2724 108 36 black
861 2730 85 31 note
959 2723 86 38 with
1060 2735 24 24 a
1097 2729 108 36 stem,
1222 2725 105 36 thus:

351 2807 56 35 An
426 2807 122 45 eighth
566 2811 85 31 note
665 2809 32 31 is
712 2817 22 25 a
749 2807 109 36 black
874 2813 84 30 note
972 2806 85 36 with
1075 2817 23 25 a
1115 2812 94 31 stem
1226 2808 70 34 and
1306 2808 85 44 flag,
1411 2805 102 37 thus:

346 2926 34 31 A
394 2921 182 38 sixteenth
592 2926 86 31 note
686 2924 36 33 is
735 2932 25 24 a
771 2922 110 35 black
894 2926 85 31 note
992 2921 87 36 with
1093 2932 24 24 a
1130 2927 96 29 stem
1241 2922 72 34 and
1324 2926 69 30 two
1408 2920 107 44 flags,
1532 2919 107 37 thus:

350 3034 31 41 A
397 3037 107 48 thirty
519 3037 134 38 second
668 3040 84 33 note
767 3034 32 38 is
816 3046 23 27 a
852 3035 107 37 black
975 3039 84 32 note
1076 3034 87 37 with
1179 3044 24 26 a
1218 3040 94 30 stem
1327 3034 72 36 and
1415 3034 100 35 three
1529 3034 105 45 flags,
1649 3034 103 37 thus:

2086 761 91 34 Four
2188 762 149 40 quarter.

3669 760 39 26 or

2081 840 109 45 Eight
2204 839 142 47 eighths

3674 844 43 25 or

2084 932 144 38 Sixteen
2245 933 200 37 sixteenths

3676 972 39 25 or

2080 1056 128 45 Thirty
2222 1062 70 30 two
2307 1057 112 44 thirty
2430 1059 167 37 seconds.

3314 625 32 32 is
3360 623 104 42 equal
3474 625 37 31 in
3526 620 125 45 length
3666 626 37 31 to

3670 687 39 27 or

2195 497 70 48 A
2283 494 202 50 table
2536 493 88 50 of
2648 492 128 49 the
2818 486 471 62 comparitive
3329 485 299 62 lengths
3671 486 87 51 of

2086 567 230 46 notes.

2082 631 34 37 A
2126 632 116 36 whole
2255 636 86 31 note

2083 689 87 35 Two
2187 688 128 36 halves

2171 1321 115 37 When
2305 1333 23 26 a
2343 1324 59 34 dot
2418 1326 31 31 is
2463 1326 57 32 set
2537 1327 37 29 to
2590 1321 60 36 the
2665 1320 127 48 wrlght
2808 1322 37 33 of
2857 1321 60 35 the
2930 1326 84 30 note
3029 1324 28 32 it
3073 1320 89 35 adds
3177 1329 69 26 one
3257 1317 80 37 half
3347 1325 36 29 to
3398 1322 47 33 its
3462 1319 134 44 length.

2079 1379 33 32 A
2128 1376 120 37 dotted
2264 1378 115 36 whole
2394 1384 84 29 note
2492 1379 32 33 is
2539 1380 106 40 equal
2656 1380 36 33 in
2706 1376 125 45 length
2849 1381 36 30 to
2903 1376 101 35 three
3019 1375 80 36 half
3114 1380 115 34 notes,
3248 1380 70 29 ect.

2080 1447 32 32 A
2127 1443 118 38 dotted
2259 1444 115 37 whole
2388 1445 94 36 note*

2580 1447 32 33 is
2629 1445 106 44 equal
2749 1449 35 30 to

2932 1456 44 23 or.

3183 1452 44 24 er

2079 1532 32 34 A
2127 1531 121 37 dotted
2262 1531 76 36 half
2352 1539 84 29 note

2550 1535 31 33 is
2599 1532 105 45 equal
2719 1535 36 31 to

2901 1540 40 23 or

3165 1539 39 24 or

2078 1619 33 33 A
2125 1617 122 37 dotted
2261 1623 142 39 quarter
2420 1626 84 29 note

2612 1622 31 32 is
2658 1619 104 43 equal
2778 1621 35 30 to

2968 1625 40 25 or

3209 1625 40 24 or

2122 1713 51 36 As
2189 1713 117 38 stated
2320 1715 115 36 above
2451 1716 84 45 they
2549 1729 63 23 are
2628 1717 117 36 called
2761 1719 66 40 Do,
2842 1720 65 38 Re,
2923 1720 72 38 Me,
3014 1720 62 38 Fa,
3099 1719 74 38 Sol,
3195 1719 60 39 La,
3272 1719 64 34 Se.
3385 1719 69 33 But
3479 1717 89 34 their
3596 1715 149 46 lengths,

2078 1780 41 24 as
2135 1774 35 30 to
2187 1767 125 43 whole,
2329 1770 87 41 half,
2432 1782 144 33 quarter
2593 1779 69 31 ect.
2683 1783 62 26 are
2761 1774 60 35 the
2835 1781 103 30 same
2953 1777 37 32 in
3002 1775 49 35 all
3067 1773 62 36 the
3146 1773 124 37 books.

2121 1824 115 38 There
2252 1836 61 24 are
2328 1829 56 32 six
2400 1832 103 32 notes
2517 1831 36 31 in
2570 1829 149 36 relation
2737 1834 34 29 to
2789 1829 61 35 the
2867 1832 88 33 time
2970 1830 37 35 of
3023 1829 102 36 each.
3158 1827 103 46 They
3284 1838 64 25 are
3372 1828 114 35 called
3513 1828 222 40 Semibreve,

2079 1881 148 41 Minum,
2247 1879 166 44 Crochet,
2430 1884 158 44 Quaver,
2606 1884 251 46 Semiquaver,
2874 1885 71 36 and
2957 1884 347 45 Demisemiquaver.

2069 1928 40 21 “
2120 1935 76 37 The
2211 1936 181 46 following
2402 1938 118 37 shows
2536 1940 60 35 the
2612 1941 204 45 proportion
2834 1950 70 27 one
2919 1946 84 31 note
3017 1940 106 37 bears
3138 1940 151 35 another
3312 1950 43 25 as
3371 1940 84 44 they
3479 1950 130 32 appear
3623 1939 37 33 in
3677 1939 59 35 the

2078 2001 112 35 songs
2201 1991 201 46 regardless
2417 1995 38 32 of
2469 1997 171 35 notation.

2256 2091 77 35 One
2352 2093 209 37 Semibreve
2575 2096 32 34 is
2622 2095 104 44 equal
2741 2097 35 32 in
2789 2098 87 33 time
2893 2100 36 31 to
2942 2097 87 34 Two
3046 2096 169 38 Minums.

2437 2390 93 42 Four
2545 2388 193 45 Crochets,''

3089 2392 105 45 Eight
3208 2392 175 44 Quavers.

2718 2658 146 35 Sixteen
2881 2657 269 47 Semiquavers.

2628 2921 209 48 Thirty-two
2865 2922 364 46 Demisemiquavers.
