4021 3456
1056 469 466 58 RUDIMENTS
1592 468 102 55 OF
1762 463 252 58 MUSIC.
2156 452 350 68 Continued.

165 598 66 22 one
259 590 40 31 to
326 584 69 34 two
424 582 30 35 is
485 592 21 23 a
534 582 93 43 step,
656 575 97 37 from
781 578 71 32 two
882 578 39 31 to
950 572 101 36 three
1080 584 21 21 a
1128 570 193 47 half-step,
1351 568 97 34 from
1476 566 103 35 three
1606 567 40 33 to
1678 564 87 34 four
1796 572 21 23 a

167 635 92 42 step,
288 630 98 33 from
416 629 87 32 four
532 629 38 30 to
601 625 68 33 five
701 635 20 21 a
752 625 93 41 step,
876 620 96 35 from
1002 619 68 35 five
1101 621 38 31 to
1171 617 54 33 six
1257 628 22 21 a
1309 615 193 44 half-step,
1532 612 72 33 and
1636 610 97 33 from
1762 609 57 32 six

168 681 38 30 to
228 686 104 25 seven
354 686 46 21 an
422 671 221 45 augmented
666 668 144 40 second,
832 676 41 24 or
895 667 80 44 step
999 665 72 33 and
1095 675 21 21 a
1138 662 90 41 half,
1252 662 98 32 from
1372 670 107 24 seven
1501 661 37 31 to
1561 656 99 47 eight
1682 668 21 21 a
1725 655 79 33 half­

169 725 91 42 step.
313 721 75 33 The
416 718 150 34 seventh
596 718 84 32 tone
712 714 29 34 is
774 710 172 36 obtained
979 711 47 44 by
1057 711 60 32 the
1148 718 62 24 use
1242 709 40 31 of
1315 718 21 21 a
1367 706 122 43 sharp.
1543 703 75 34 The
1650 699 155 39 descend­

169 770 62 42 ing
257 767 117 34 minor
403 765 95 34 scale
527 764 30 33 is
587 762 71 34 like
686 760 61 35 the
778 757 197 47 ascending
1004 756 94 33 scale
1126 756 132 43 except
1288 753 97 32 from
1416 752 100 43 eight
1544 752 38 30 to
1612 757 106 27 seven
1749 745 73 34 and

166 824 104 26 seven
294 816 37 30 to
359 813 65 39 six,
449 809 114 33 which
587 805 174 37 intervals
790 814 61 25 are
878 802 113 36 whole
1015 811 110 36 steps.
1191 799 87 44 (See
1301 797 166 44 example
1495 793 143 47 above.)

823 879 193 39 LESSON
1051 878 111 34 VIII.

258 973 29 31 1.
314 971 38 33 If
377 981 21 21 a
423 969 109 43 sharp
558 968 30 32 is
612 964 130 45 placed
768 964 36 31 in
830 960 102 35 front
957 959 41 34 of
1025 970 21 22 a
1071 960 95 38 note,
1190 956 97 35 what
1311 954 113 34 effect
1449 955 64 31 has
1538 953 51 32 it?

258 1017 36 33 It
316 1017 29 31 is
370 1014 79 33 said
472 1016 38 30 to
535 1013 94 32 raise
652 1011 60 32 the
733 1009 103 44 pitch
859 1007 40 31 of
924 1007 29 32 it
976 1017 22 20 a
1019 1004 191 44 half-step.

255 1063 32 32 2.
313 1061 38 32 If
372 1071 21 21 a
413 1059 66 33 flat
499 1060 30 30 is
550 1056 129 43 placed
699 1056 37 30 in
758 1052 104 35 front
881 1052 41 31 of
943 1060 21 23 a
984 1052 96 37 note,
1101 1049 72 32 will
1192 1049 29 31 it
1241 1046 110 32 lower
1371 1046 60 33 the
1450 1044 104 44 pitch
1573 1043 42 32 of
1634 1042 61 33 the
1715 1041 107 32 note?

258 1107 36 33 It
316 1106 71 33 will
412 1104 109 33 lower
544 1104 28 31 it
596 1113 21 20 a
640 1098 189 44 half-step.

256 1154 31 32 3.
313 1152 110 33 What
453 1151 30 31 is
514 1159 20 22 a
564 1146 150 34 natural
744 1144 82 33 for?

259 1197 36 34 It
316 1199 29 31 is
367 1199 38 29 to
427 1193 124 35 cancel
573 1193 60 32 the
653 1191 113 33 effect
789 1190 41 31 of
851 1188 60 33 the
933 1186 67 34 flat
1021 1196 42 23 or
1086 1185 110 43 sharp
1220 1183 72 33 and
1316 1183 139 32 restore
1477 1180 60 33 the
1560 1176 158 37 effected
1741 1177 84 31 note

171 1247 36 29 to
231 1244 48 33 its
304 1240 148 37 natural
478 1250 42 21 or
543 1237 157 44 original
723 1234 112 45 pitch.

257 1290 30 30 4.
314 1286 130 36 Where
479 1286 46 31 do
558 1295 52 21 we
644 1281 77 33 find
754 1277 255 38 intermediate
1043 1278 126 32 tones?

259 1334 54 33 At
337 1333 61 33 the
423 1330 69 33 five
517 1329 124 46 places
666 1328 38 31 in
728 1327 62 32 the
817 1324 95 36 scale
937 1322 118 34 where
1081 1322 114 33 whole
1221 1322 101 42 steps
1350 1327 120 24 occur.

258 1380 29 31 5.
313 1377 112 35 What
444 1386 61 22 are
524 1374 59 34 the
601 1383 123 23 names
742 1372 42 32 of
801 1369 99 36 these
918 1365 255 38 intermediate
1191 1367 126 32 tones?

260 1423 101 45 They
388 1433 62 23 are
479 1421 132 33 named
639 1420 99 33 after
765 1418 61 32 the
853 1418 85 31 tone
965 1425 44 23 or
1036 1416 85 31 note
1148 1412 82 33 that
1257 1411 65 33 lies
1350 1411 147 31 nearest
1524 1410 38 30 to
1590 1405 109 42 them,
1727 1404 101 33 thus:

175 1471 37 32 If
233 1479 72 35 you
329 1479 61 23 are
415 1467 197 44 ascending
633 1466 61 33 the
716 1464 107 40 scale,
845 1463 86 42 they
953 1470 62 25 are
1038 1458 148 35 named:
1232 1456 119 44 Sharp
1375 1465 78 29 one,
1476 1452 111 45 sharp
1612 1454 82 39 two,
1719 1450 109 43 sharp

175 1515 96 41 four,
297 1514 111 44 sharp
435 1513 69 32 five
530 1513 73 32 and
629 1510 110 44 sharp
767 1510 64 32 six.
882 1508 39 31 If
947 1504 222 46 descending
1193 1503 62 34 the
1282 1501 95 33 scale
1404 1500 88 43 they
1519 1507 61 24 are
1607 1495 131 36 named
1765 1495 66 32 flat

176 1571 116 30 seven,
321 1561 65 32 flat
415 1560 64 38 six,
507 1558 65 33 flat
600 1556 79 40 five,
706 1556 66 32 flat
801 1555 100 32 three
930 1552 71 35 and
1031 1551 65 34 flat
1124 1554 81 30 two.
1257 1547 119 44 Sharp
1407 1555 66 24 one
1504 1544 71 33 and
1605 1542 65 36 flat
1699 1545 70 31 two
1800 1541 28 31 is

174 1607 61 33 the
263 1615 98 26 same
390 1607 97 37 tone,
513 1604 114 44 sharp
658 1605 71 29 two
760 1601 72 31 and
863 1600 66 31 flat
958 1597 101 34 three
1090 1597 29 33 is
1150 1597 60 33 the
1241 1602 97 25 same
1369 1594 97 36 tone,
1497 1589 111 44 sharp
1641 1587 84 34 four
1757 1586 71 33 and

174 1653 66 32 flat
264 1652 68 33 five
357 1654 30 31 is
412 1650 60 33 the
496 1659 97 24 same
618 1650 97 37 tone,
738 1645 110 45 sharp
874 1644 68 33 five
967 1643 72 32 and
1064 1642 66 33 flat
1155 1643 53 32 six
1232 1640 31 33 is
1289 1638 61 35 the
1375 1647 98 25 same
1498 1637 97 38 tone,
1621 1633 72 34 and
1719 1631 110 45 sharp

175 1699 53 32 six
254 1698 72 34 and
352 1697 66 32 flat
444 1704 106 25 seven
575 1696 29 32 is
631 1694 60 33 the
717 1702 99 24 same
842 1691 95 32 tone.

267 1782 207 42 Chromatic
499 1784 108 41 scale,
634 1781 197 47 ascending
858 1780 74 33 and
959 1776 237 48 descendings

180 2106 214 41 Names.Fa.
421 2107 58 35 Fe.
522 2106 75 36 Sol.
640 2107 61 33 Se.
749 2106 61 32 La.
838 2105 61 33 Fa.
949 2104 58 32 Fe.
1073 2100 76 36 Sol.
1196 2101 59 32 Se.
1336 2098 59 31 La.
1445 2097 58 31 Le.
1569 2093 70 33 Me.
1705 2093 58 32 Fa.

186 2398 291 48 Names,Fa,Me.
496 2403 98 43 May.
620 2402 61 35 La.
729 2402 86 40 Lay.
836 2401 76 34 Sol.
927 2400 96 34 Saw.
1088 2398 60 33 Fa.
1223 2396 60 33 La.
1316 2394 87 42 Lay.
1457 2391 77 34 Sol.
1560 2388 95 36 Saw.
1718 2389 63 34 Fa.

279 2507 186 42 Note—It
495 2512 30 32 is
556 2509 154 35 claimed
738 2509 51 45 by
817 2508 159 36 eminent
1005 2505 196 37 musicians
1232 2503 82 34 that
1344 2511 69 23 our
1442 2500 136 43 system
1609 2496 43 34 of
1681 2493 168 39 notation

192 2564 99 27 came
312 2557 97 36 from
430 2557 60 34 the
511 2553 245 38 Tetrachords
779 2554 71 33 and
871 2553 81 35 that
972 2553 61 33 the
1053 2551 149 47 present
1224 2551 103 32 notes
1348 2548 41 31 of
1408 2547 62 33 the
1492 2542 190 37 four-note
1703 2540 146 46 system,

191 2601 60 34 the
277 2611 107 28 seven
408 2605 104 32 notes
539 2602 72 34 and
636 2601 61 35 the
723 2600 108 41 scale,
856 2610 63 22 are
944 2599 60 33 the
1028 2596 205 48 offsprings
1259 2596 42 31 of
1325 2593 60 34 the
1412 2590 145 35 ancient
1582 2582 266 42 Tetrachordal

195 2644 156 39 method.

283 2996 115 41 Tonic
468 2999 139 45 Super-
676 2996 179 38 Mediant.
927 2996 94 37 Sub-
1076 2998 208 36 Dominant.
1398 2990 93 33 Sub-
1563 2985 93 35 Sub-
1727 2983 132 43 Upper

478 3045 111 35 tonic.
859 3039 191 39 dominant
1363 3034 173 35 mediant,
1583 3031 108 36 tonic,
1738 3027 109 35 tonic.

279 3088 33 36 6.
339 3087 109 41 What
466 3091 34 32 is
517 3093 124 32 meant
662 3091 47 42 by
731 3086 119 39 tonic?

278 3133 76 38 The
379 3139 85 34 tone
490 3146 100 36 upon
616 3136 115 36 which
755 3136 62 34 the
842 3135 72 47 key
938 3135 31 34 is
997 3130 174 40 founded.

3423 442 66 57 11

2219 558 246 38 DIAGRAM
2503 557 65 35 OF

2608 556 107 34 THE
2754 551 309 39 CHROMATIC

3099 547 173 38 SCALE.

2007 658 189 39 Half-step.

2537 653 28 32 B

2899 647 22 33 7

3255 640 215 37 Semi-tone.

2004 737 31 31 A
2052 735 128 41 Sharp.

3258 719 29 34 B
3308 718 89 35 Flat.

2004 793 98 40 Step.

3257 775 109 35 Tone.

2521 832 32 33 A

2886 826 22 32 6

2006 912 33 35 G
2058 914 125 41 Sharp.

3252 899 31 33 A
3308 897 92 35 Flat.

2006 961 96 40 Step.

3252 942 111 36 Tone.

2526 1000 30 32 G

2891 993 22 32 5

2007 1083 25 31 F
2048 1081 128 40 Sharp.

3246 1064 34 35 G
3301 1065 89 34 Flat.

2006 1128 98 39 Step.

3245 1109 112 37 Tone.

2528 1167 24 31 F

2887 1161 20 32 4

2009 1249 189 40 Half-step.

2529 1242 27 33 E

2888 1237 21 34 3

3249 1231 215 36 Semi-tone.

2011 1326 30 30 D
2059 1324 126 41 Sharp.

3245 1311 28 32 E
3292 1308 90 34 Flat.

2008 1371 99 40 Step.

3240 1354 117 34 Tone-

2529 1409 30 31 D

2894 1405 23 29 2

2013 1491 30 33 C
2063 1491 126 41 Sharp.

3247 1478 30 30 D
3297 1476 89 33 Flat.

2013 1538 97 39 Step.

3240 1521 111 34 Tone.

2530 1575 28 33 C

2901 1570 11 31 1

2391 1669 196 40 LESSON

2624 1661 498 45 IX—TETRACHORDS.

2020 1757 29 31 1.
2077 1753 107 35 What
2208 1752 30 33 is
2260 1764 22 21 a
2306 1746 247 40 Tetrachord?

2020 1814 35 33 A
2086 1810 145 42 fourth;
2261 1807 77 35 also
2367 1809 137 45 system
2532 1806 42 33 of
2603 1805 86 34 four
2716 1804 116 33 notes.
2861 1800 148 46 Among
3038 1798 61 37 the
3127 1795 162 39 ancients
3319 1795 61 35 the
3409 1792 181 36 extremes

1930 1870 41 33 of
1997 1867 114 36 which
2136 1877 93 23 were
2255 1864 108 42 fixed,
2387 1864 69 36 but
2480 1863 61 35 the
2566 1861 137 36 middle
2728 1862 103 33 tones
2859 1868 62 24 are
2948 1856 125 35 varied
3101 1853 197 48 according
3321 1855 38 32 to
3386 1852 60 33 the
3472 1847 117 37 mode.

1933 1927 85 34 Two
2044 1924 130 36 chords
2199 1933 42 24 or
2266 1919 146 38 fourths
2438 1919 119 35 where
2579 1919 63 34 the
2668 1927 98 25 same
2791 1918 85 33 note
2899 1916 32 32 is
2954 1912 145 47 highest
3122 1913 43 32 of
3189 1921 67 24 one
3282 1910 72 34 and
3380 1909 60 35 the
3464 1904 128 38 lowest

1933 1985 40 32 of
1999 1982 61 37 the
2086 1982 115 34 other.

2021 2031 31 31 3.
2078 2028 96 33 How
2195 2036 73 24 was
2291 2025 61 35 the
2373 2023 214 37 tetrachord
2609 2019 169 36 divided?

2024 2085 37 34 It
2093 2095 73 24 was
2201 2081 148 36 divided
2382 2082 77 34 into
2495 2082 71 32 two
2600 2079 119 45 parts,
2752 2076 59 35 the
2845 2084 122 37 upper
3000 2073 73 34 and
3106 2070 111 37 lower
3250 2067 225 45 tetrachord,
3508 2065 88 36 each

1935 2143 133 45 having
2092 2141 85 34 four
2201 2143 104 32 tones
2331 2137 139 36 similar
2495 2138 37 33 to
2558 2134 61 38 the
2643 2133 95 36 scale
2764 2132 41 35 of
2829 2131 124 47 today.

2024 2201 32 32 4.
2081 2198 79 36 Can
2182 2197 61 35 the
2266 2195 96 36 scale
2384 2196 45 35 be
2453 2191 148 37 divided
2625 2203 40 23 as
2687 2192 32 34 is
2742 2200 82 24 now
2845 2187 170 36 written?

2028 2257 37 34 It
2086 2266 85 31 can;
2194 2254 72 34 and
2287 2251 177 51 partakes
2485 2251 41 33 of
2546 2250 60 35 the
2627 2248 95 36 scale
2744 2247 42 34 of
2806 2246 60 36 the
2888 2240 212 42 tetrachord
3122 2244 145 44 system.

2028 2315 30 32 5.
2084 2313 95 33 How
2203 2313 31 33 is
2260 2311 61 33 the
2347 2312 126 33 octave
2500 2319 41 23 or
2566 2306 96 36 scale
2688 2303 148 38 divided
2859 2303 79 34 into
2962 2296 254 41 tetrachords?

2031 2370 43 33 In
2108 2369 60 36 the
2203 2367 188 46 following
2423 2375 168 24 manner:
2648 2362 112 41 First,
2793 2361 60 34 the
2885 2359 83 35 first
3000 2361 86 31 tone
3120 2357 41 33 of
3194 2354 60 36 the
3289 2351 96 37 scale
3416 2353 32 34 is
3482 2350 116 35 called

1943 2428 61 33 the
2034 2426 99 34 tonic
2164 2425 73 33 and
2266 2426 29 31 is
2327 2424 60 33 the
2417 2423 71 43 key
2517 2424 94 31 tone.
2665 2418 76 35 The
2771 2416 133 36 second
2934 2416 31 33 is
2995 2412 118 36 called
3143 2412 60 36 the
3236 2410 238 48 super-tonic.
3528 2406 76 34 The

1943 2483 99 34 third
2073 2486 32 31 is
2137 2482 118 33 called
2285 2480 63 34 the
2379 2478 174 36 mediant.
2607 2477 76 34 The
2718 2475 129 35 fourth
2877 2475 31 32 is
2941 2471 116 35 called
3091 2471 61 34 the
3184 2465 288 41 sub-dominant.
3528 2463 74 34 The

1944 2541 85 33 fifth
2055 2542 30 31 is
2113 2538 116 33 called
2257 2537 61 33 the
2347 2534 199 36 dominant.
2596 2535 77 34 The
2699 2533 95 34 sixth
2821 2533 31 34 is
2879 2528 117 37 called
3024 2529 60 35 the
3113 2524 259 39 sub-mediant.
3423 2522 75 35 The
3527 2531 60 24 sev­

1944 2598 86 33 enth
2053 2598 30 33 is
2110 2595 118 35 called
2253 2594 61 34 the
2339 2592 194 37 sub-tonic.
2580 2592 75 34 The
2681 2590 96 35 scale
2801 2599 86 36 may
2909 2587 46 35 be
2981 2584 147 38 divided
3153 2585 78 34 into
3256 2585 73 33 two
3354 2581 109 45 equal
3486 2580 118 43 parts,

1943 2654 89 33 each
2057 2653 134 45 having
2217 2654 71 30 two
2315 2652 99 44 steps
2442 2648 71 34 and
2540 2658 67 24 one
2633 2645 192 47 half-step.
2874 2645 117 36 When
3017 2654 40 23 so
3084 2641 146 36 divided
3256 2639 60 35 the
3345 2636 172 37 divisions
3544 2644 61 24 are

1949 2711 70 33 call
2042 2707 241 37 tetrachords.
2330 2707 75 36 The
2429 2706 109 34 lower
2561 2707 88 44 part
2670 2706 31 33 is
2727 2703 97 35 from
2846 2712 67 25 one
2937 2705 38 32 to
3001 2700 87 36 four
3109 2696 186 44 inclusive,
3319 2706 42 23 or
3385 2694 99 35 from
3508 2691 99 35 tonic

1947 2770 38 30 to
2017 2764 286 36 sub-dominant.
2355 2763 75 34 The
2462 2773 120 35 upper
2610 2764 89 44 part
2725 2762 31 33 is
2788 2760 98 35 from
2915 2757 68 36 five
3012 2758 40 33 to
3080 2756 103 47 eight
3210 2750 175 39 inclusive
3426 2760 43 25 or
3510 2747 97 34 from

1951 2823 190 35 dominant
2165 2825 38 31 to
2230 2821 109 34 tonic.

2039 2881 32 32 7.
2097 2878 110 35 What
2228 2878 33 33 is
2280 2880 124 32 meant
2428 2876 46 45 by
2495 2871 259 52 Super-tonic?

2040 2936 100 35 Tone
2169 2938 87 32 next
2286 2934 112 36 above
2429 2935 59 33 the
2520 2934 108 34 tonic.

2039 2995 31 31 8.
2094 2993 114 34 What
2225 2993 32 32 is
2276 2994 126 33 meant
2419 2991 50 44 by
2485 2988 191 38 Mediant?

2040 3049 116 35 Three
2182 3049 43 33 of
2250 3048 60 35 the
2334 3047 110 42 scale,
2471 3047 60 35 the
2557 3050 84 32 tone
2668 3045 102 46 lying
2795 3040 159 49 midway
2980 3038 100 39 from
3104 3035 101 39 tonic
3229 3038 40 34 to
3294 3029 203 41 dominant.

2043 3109 30 31 9.
2098 3106 113 35 What
2234 3107 31 33 is
2289 3107 125 35 meant
2437 3105 50 45 by
2510 3097 307 45 Sub-dominant?

2044 3162 142 36 Fourth
2205 3165 87 34 tone
2310 3162 44 33 of
2370 3161 62 36 the
2453 3161 104 36 scale.
