4030 3447
1478 471 460 60 RUDiMENTS
1974 476 348 57 Continued.

218 568 32 48 V
322 571 58 48 25
1455 574 153 53 THE
1641 573 246 61 GREAT
1923 578 434 58 ROLL-CALL.

956 648 20 16 “
984 647 75 31 And
1070 649 113 28 before
1193 649 72 27 him
1278 650 88 27 shall
1378 651 42 27 be
1433 651 162 34 gathered
1607 651 46 27 all
1667 652 56 27 the
1737 650 315 31 nations.”—Matt.
2066 654 35 26 5:
2119 654 51 35 22;
2191 657 87 27 Rom.
2293 659 31 25 14
2336 667 6 18 :
2362 659 49 33 10;
2431 660 81 28 Cor.
2525 661 34 27 5:
2578 662 49 33 10;
2651 666 84 26 Rev.
2750 665 50 28 12:
2819 665 42 28 2v.

296 691 112 39 iACY
431 691 151 39 Freer
606 691 209 47 Shaeeer,
844 694 98 36 1909.
2411 705 39 36 S.
2478 706 52 34 M.
2558 715 87 26 and
2666 708 39 35 T.
2731 711 33 42 J.
2792 711 177 40 Deason
2990 720 88 28 and
3096 715 36 43 J.
3160 714 39 36 s.
3221 715 137 43 James
3399 719 96 34 1909.

515 934 14 24 j
564 903 16 36 f
596 902 48 35 At
689 903 62 35 the
789 904 182 44 sounding
996 904 37 34 of
1078 905 63 36 the
1171 907 159 40 trumpet
1364 904 56 43 (of
1434 907 64 36 the
1524 907 210 43 trum-pet),
1872 907 124 41 When
2009 909 96 36 life’s
2117 909 105 40 work
2233 915 39 33 at
2283 913 72 36 last
2385 914 32 35 is
2433 916 75 34 o’er
2537 915 91 45 (last
2659 919 32 34 is
2728 918 109 47 o’er),

566 945 128 40 (.Shall
707 958 56 25 we
788 948 93 35 hark
894 948 89 36 with
998 949 191 43 rapturous
1202 949 149 43 longing
1371 947 207 47 (rapturous
1590 951 186 45 longing),
1928 952 53 37 To
2012 954 62 37 the
2105 955 145 46 call-ing
2297 958 37 34 of
2372 958 63 37 the
2467 959 64 37 roll
2550 961 54 44 (of
2642 963 64 36 the
2736 964 94 45 roll),

2996 921 83 37 And
3108 934 58 26 we
3196 923 146 44 gath-er
3386 926 37 35 in
3457 926 83 38 that

3012 966 57 37 Or
3085 966 93 39 shall
3195 977 56 28 we
3299 969 43 37 be
3392 971 187 37 fear-ful—

354 1188 13 33 f
381 1186 100 37 Shall
499 1197 56 26 we
596 1190 94 34 meet

299 1222 20 21 z
323 1230 116 40 ’(Or
500 1241 42 26 as
596 1242 56 25 we

891 1188 62 36 the
985 1187 171 39 Sav-iour
1173 1190 151 45 glad-ly,

853 1233 108 37 stand
977 1233 102 38 there
1091 1235 93 36 shall
1195 1246 56 25 we
1277 1236 112 35 know

1729 1195 53 34 As
1815 1194 55 37 He
1916 1194 214 40 stands....
2166 1195 89 41 with
2274 1198 245 38 outstretched
2534 1211 90 34 arm,

1718 1237 71 39 We
1806 1237 95 39 have
1924 1238 108 39 failed
2197 1244 37 35 to
2251 1253 104 27 serve
2372 1245 62 35 the
2451 1244 107 46 Lord,

2798 1202 101 39 Shall
2924 1216 56 26 we
3025 1208 69 35 feel
3244 1208 120 38 we’ve
3379 1212 94 36 done
3482 1221 67 28 our

2828 1248 141 47 On-ly
3028 1264 76 24 wor
3150 1272 13 7 -
3217 1253 128 45 sniped
3363 1255 84 36 Him
3465 1255 101 39 half-

355 1442 13 33 f
383 1440 134 44 Come,
529 1441 88 35 then
630 1441 64 37 let.
729 1468 119 9 ......

302 1476 30 29 3-
352 1484 100 40 lFor
489 1485 64 36 the
598 1486 87 37 time

900 1453 45 25 us
992 1444 44 35 do
1076 1455 65 25 our
1179 1445 48 37 du
1244 1463 13 6 -
1280 1448 56 41 ty,

902 1487 32 36 is
981 1489 63 35 not
1074 1490 56 35 far
1168 1490 56 36 dis
1241 1508 12 6 -
1277 1493 81 33 tant

1732 1449 52 35 As
1819 1458 55 28 we
1919 1450 80 46 jour

1693 1492 123 40 When
1826 1504 56 27 we
1913 1493 88 48 gath

2172 1461 71 36 ney
2289 1464 46 25 on
2370 1454 63 37 the
2450 1465 98 33 way,

2196 1506 50 34 er,
2271 1508 68 25 one
2363 1498 71 36 and
2466 1498 59 45 all,

2813 1456 97 39 That
2926 1469 64 25 our
3030 1464 94 33 meet
3198 1480 15 6 -
3288 1463 62 44 ing
3375 1474 85 35 may
3477 1464 43 38 be

2819 1501 71 40 We
2907 1506 100 35 must
3022 1506 93 35 hark
3200 1524 12 8 -
3296 1518 44 25 en
3386 1512 37 34 to
3454 1509 82 40 that

2079 1734 194 33 CHORUS.

371 1912 142 38 cir-cle
543 1912 52 44 (in
627 1914 82 38 that
738 1913 171 47 cir-cle),
1049 1917 135 39 Where
1203 1928 56 25 we
1299 1928 127 25 nev-er
1466 1922 72 34 met
1570 1920 156 35 be-fore
1757 1919 93 44 (met
1867 1916 170 50 be-fore),
2073 1926 16 34 1

352 1955 194 47 trembling
576 1956 162 47 (fearful,
750 1958 230 47 trembling),
1050 1961 90 36 Like
1153 1971 102 27 some
1268 1963 117 42 guilty
1393 1962 207 46 frightened
1615 1964 79 35 soul
1711 1963 225 50 (frightened
1947 1963 109 46 soul),
2073 1968 23 41 f

2278 1968 71 41 We
2366 1970 93 35 shall
2477 1971 159 47 gath-er,
2654 1984 56 25 we
2727 1974 93 36 shall
2837 1974 157 47 gath-er,
3027 1987 57 27 we
3100 1976 91 38 shall
3211 1979 156 43 gath-er,

365 2199 48 36 du
430 2217 14 7 -
466 2202 57 41 ty,
865 2230 16 12 „

365 2241 161 47 hearted,

906 2200 83 35 And
1005 2201 97 37 have
1119 2212 46 25 no

914 2244 158 38 Sel-dom
1113 2246 83 37 read

1359 2213 109 28 cause
1479 2205 57 35 for
1581 2205 194 43 a-larm,)

1371 2248 67 36 His
1454 2249 161 44 precious
1631 2250 111 35 word.
1759 2248 23 43 /

366 2452 183 46 joy-ous,

364 2500 171 42 K'.mpet,

925 2455 37 36 In
994 2456 82 37 that
1113 2459 103 43 great

903 2499 82 37 And
1009 2511 46 26 an
1073 2520 14 6 -
1110 2511 94 28 swer

1365 2458 71 37 and
1467 2460 149 44 per-fect
1646 2460 116 44 day,)

1354 2503 82 37 that
1451 2507 102 41 great
1564 2504 62 36 roll
1643 2505 80 44 call,
1746 2512 14 34 J

2092 2506 70 42 We
2179 2507 93 38 shall
2297 2509 88 46 gath

2566 2521 50 35 er,
2641 2523 56 26 we
2721 2513 93 37 shall
2831 2514 160 47 gath-er,

3374 2519 70 40 We
3455 2518 94 41 shall

1601 2724 196 36 Copyright,
1812 2725 74 35 1909,
1901 2726 41 35 by
1952 2727 29 36 J-
1996 2727 32 30 S.
2037 2729 123 38 James.
