4021 3430
461 428 75 49 34

549 482 85 42 Key
656 482 40 34 of
715 482 33 32 A
772 476 138 47 Major.

1815 397 413 54 HAMILTON.
2301 395 63 50 L.
2395 393 81 55 M.

1049 487 18 12 “
1075 487 92 33 Jesus
1184 482 70 30 said
1265 484 80 26 unto
1357 480 79 34 him,
1450 480 94 27 Thou
1555 479 89 29 shalt
1656 479 72 27 love
1740 479 56 26 the
1809 476 85 32 Lord
1905 475 60 36 thy
1978 475 79 27 God.
2093 472 79 30 This
2184 473 28 27 is
2224 472 57 28 the
2293 472 71 26 first
2376 469 65 30 and
2453 472 92 34 great
2558 467 448 32 commandment.”—Matt.
3020 467 42 27 22:
3082 467 42 27 37.

3172 456 82 32 Arr.
3274 453 49 45 by
3341 455 38 33 B.
3399 454 40 33 F.
3462 453 161 38 White,
3645 452 98 35 1844.

636 762 28 26 i.
691 749 131 47 Come,
854 749 47 37 all
917 748 84 37 who
1017 746 82 37 love
1115 747 63 35 the
1196 743 93 38 Lord
1307 742 161 45 in-deed,
1486 740 101 41 Who
1604 751 59 25 are
1679 740 92 35 from
1790 739 56 35 sin
1865 737 71 37 and
1955 735 181 45 bond-age
2152 735 110 44 freed;
2284 732 146 38 Submit
2445 734 37 35 to
2530 732 46 36 all
2623 731 63 36 the
2705 739 103 35 ways
2825 729 38 35 of
2881 725 99 46 God,
2999 726 83 37 And
3100 725 98 37 walk
3214 726 63 35 the
3294 734 63 26 nar
3373 744 12 5 -
3405 734 88 31 row,
3512 723 140 44 hap-py
3669 721 97 37 road.

638 1022 32 26 2.
699 1010 113 38 Great
823 1008 207 39 tribulation
1044 1016 72 35 you
1131 1005 93 35 shall
1236 1005 106 43 meet,
1357 1002 72 36 But
1442 1012 90 24 soon
1546 1010 73 36 you
1631 1000 94 35 shall
1737 998 98 37 walk
1848 998 62 36 the
1922 996 129 45 golden
2067 997 122 37 street;
2206 991 158 46 Though
2380 990 70 39 hell
2464 1002 85 33 may
2562 1001 97 34 rage,
2673 990 72 35 and
2758 991 90 35 vent
2860 989 65 35 her
2936 987 105 44 spite,
3058 984 70 39 Yet
3139 984 132 37 Christ
3281 982 72 38 will
3367 992 89 27 save
3468 982 58 35 his
3538 981 134 37 heart’s
3684 979 149 45 delight.

638 1281 31 34 3.
698 1269 166 46 They’ve
879 1268 135 45 fought
1027 1266 63 36 the
1105 1265 108 43 fight,
1233 1262 79 37 The
1328 1272 81 26 race
1426 1262 31 34 is
1473 1271 82 34 run,
1574 1259 113 36 Their
1700 1258 85 43 joys
1801 1268 60 24 are
1878 1266 85 26 now
1979 1256 36 34 in
2028 1255 143 35 heaven
2189 1251 138 46 begun;
2344 1250 111 38 Their
2470 1254 97 33 tears
2583 1260 59 26 are
2660 1259 107 34 gone,
2785 1248 95 36 their
2897 1256 156 26 sorrows
3070 1245 81 43 flee,
3172 1244 55 36 No
3246 1251 95 28 more
3360 1240 153 38 afflicted
3531 1251 85 26 now
3631 1239 73 35 like
3721 1250 69 25 me.

548 1530 79 38 The
645 1530 120 38 words
782 1529 38 35 of
844 1528 60 37 the
921 1528 116 36 above
1061 1524 115 45 hymn
1194 1533 58 25 are
1269 1521 112 37 taken
1406 1521 93 34 from
1518 1531 21 23 a
1558 1519 95 36 book
1678 1517 111 36 called
1808 1515 25 19 “
1849 1514 78 37 The
1947 1514 89 36 Zion
2055 1511 220 46 Songster,”
2295 1523 91 31 page
2404 1520 77 34 222,
2500 1508 115 44 hymn
2638 1519 71 33 193.
2762 1507 30 36 It
2808 1507 68 34 has
2896 1505 82 36 nine
2995 1514 147 32 verses;
3170 1513 78 24 was
3265 1498 191 49 published
3474 1509 34 25 in
3531 1500 94 42 1832.
3676 1495 161 39 Seventh

458 1574 146 39 edition.
655 1573 195 49 Compiled
876 1572 46 44 by
947 1569 162 37 Thomas
1136 1567 143 38 Mason.
1331 1565 115 43 Many
1462 1565 36 34 of
1521 1565 63 36 the
1610 1573 113 32 songs
1744 1572 93 25 were
1861 1562 56 34 for
1933 1557 281 45 camp-meeting
2240 1566 176 33 purposes
2434 1553 71 39 and
2530 1553 103 37 other
2658 1551 168 44 religious
2852 1549 224 44 gatherings.
3129 1547 116 43 Major
3263 1546 41 35 B.
3328 1544 38 36 F.
3390 1545 126 37 White
3533 1544 214 42 rearranged
3763 1543 76 35 this

456 1623 91 34 tune
563 1619 57 37 for
634 1619 64 37 the
717 1617 24 18 “
754 1617 130 37 Sacred
904 1615 138 46 Harp,”
1061 1614 36 36 in
1118 1614 94 42 1884.
1265 1611 37 34 In
1320 1611 48 35 its
1385 1609 150 44 original
1550 1608 94 35 form
1661 1608 28 35 it
1704 1617 80 26 was
1800 1605 192 43 published
2009 1615 46 23 on
2073 1613 46 25 an
2137 1601 123 36 earlier
2277 1601 82 34 date
2377 1600 50 44 by
2444 1596 163 38 Thomas
2627 1596 131 37 Mason
2776 1596 72 34 and
2866 1593 101 37 other
2984 1592 151 36 authors
3152 1592 38 34 of
3205 1593 87 34 tune
3309 1588 129 39 books.

1639 1693 381 54 BLEEDING
2058 1690 340 55 SAVIOUR.
2471 1688 61 50 C.
2571 1686 81 49 M.

1080 1780 18 12 “
1108 1782 40 24 In
1159 1778 109 30 whom
1280 1784 50 19 we
1342 1776 83 26 have
1436 1771 206 37 redemption
1654 1772 144 34 through
1809 1771 53 26 his
1873 1769 106 33 blood,
1993 1767 203 35 forgiveness
2207 1766 35 28 of
2254 1766 68 27 sins
2334 1762 173 37 according
2518 1767 34 24 to
2564 1764 57 27 the
2633 1761 106 30 riches
2751 1761 34 28 of
2797 1762 53 26 his
2862 1759 251 35 grace.”—Eph.
3128 1758 78 26 1:7.

550 1833 119 34 ISAAC
692 1832 161 41 WATTS,
871 1828 94 35 1707.
1015 1827 84 44 Key
1123 1825 44 33 of
1186 1826 33 32 A
1243 1820 140 37 Minor.
2945 1802 186 43 Psalmist,
3160 1803 119 43 hymn
3303 1801 74 34 472.
3425 1802 39 32 Z.
3492 1800 258 35 ChamblESS.

1239 2081 170 38 Sav-iour
1427 2079 100 36 bleed
1538 2079 14 34 ?
1570 2078 82 36 And
1685 2078 58 34 did
1791 2087 63 33 my
1885 2074 76 37 Sov
1979 2073 129 45 -’reign
2127 2074 54 34 die
2193 2074 14 34 ?

643 2100 29 27 i.
701 2091 31 35 A
766 2108 12 7 -
818 2089 68 43 las,
915 2087 72 35 and
1024 2084 59 38 did
1116 2094 62 34 my

2254 2071 136 39 Would
2429 2070 45 36 he
2536 2067 169 40 de-vote
2735 2066 83 38 that
2835 2064 159 37 sac-red
3032 2062 94 37 head
3144 2060 70 36 For
3245 2060 90 37 such
3376 2070 22 26 a
3487 2068 112 25 worm
3618 2066 41 28 as
3716 2056 39 36 I?

641 2360 33 26 2.
702 2349 94 39 Was
836 2349 27 35 it

923 2347 56 34 for
995 2342 124 41 crimes
1136 2343 82 37 that
1259 2341 10 35 I
1318 2341 96 35 have
1431 2339 105 43 done,
1558 2338 54 36 He
1631 2337 158 44 groaned
1808 2347 47 32 up
1868 2355 11 6 -
1891 2346 44 25 on

1999 2335 63 36 the
2098 2333 89 36 tree?

2295 2330 30 34 A
2351 2349 11 6 -
2389 2339 79 26 maz
2486 2348 11 6 -
2516 2329 61 42 ing
2617 2327 52 44 pit
2701 2345 12 7 -
2753 2337 38 33 y,
2810 2335 104 33 grace
2932 2322 218 45 un-known,
3172 2319 81 36 And
3268 2319 81 36 love
3367 2318 43 37 be
3434 2339 14 5 -
3471 2317 99 44 yond
3603 2316 43 37 de
3656 2335 14 5 -
3688 2325 94 34 gree.

649 2621 32 34 3.
709 2607 104 37 Thus
832 2606 118 44 might
969 2605 11 34 I
1019 2600 81 43 hide
1118 2612 63 36 my

1242 2598 189 46 blush-ing
1447 2597 79 37 face
1546 2595 123 41 While
1688 2597 66 35 His
1773 2595 84 36 dear
1897 2603 100 27 cross
2014 2602 166 35 ap-pears
2195 2603 8 32 ;

2299 2589 69 35 Dis
2385 2608 14 5 -
2416 2586 102 39 solve
2552 2597 61 34 my
2629 2585 105 38 heart
2780 2583 36 36 in
2834 2584 57 35 th?
2929 2579 197 41 k-fulness.
3147 2579 81 36 And
3261 2577 85 37 melt
3386 2577 95 36 mine
3498 2586 86 34 eyes
3622 2577 38 35 to
3692 2574 109 38 tears.

558 2871 78 39 The
655 2867 150 47 original
821 2867 77 37 title
915 2869 37 33 to
969 2865 64 36 the
1051 2859 114 46 above
1182 2861 115 45 hymn
1315 2871 80 27 was
1413 2857 27 19 “
1453 2857 125 46 Godly
1596 2857 144 36 Sorrow
1759 2856 147 43 Arising
1925 2854 106 36 From
2048 2852 63 36 the
2128 2850 206 45 Sufferings
2351 2850 37 35 of
2405 2845 175 41 Christ.”
2632 2845 29 38 It
2676 2856 79 26 was
2771 2844 81 37 first
2875 2841 193 46 published
3094 2841 34 35 in
3151 2837 136 39 Watts’
3308 2836 21 16 “
3348 2836 122 46 Hymn
3497 2836 104 35 Book
3621 2833 67 40 No.
3708 2844 33 26 2.
3825 2833 30 38 It

466 2913 192 53 originally
675 2912 191 40 contained
883 2911 58 37 six
957 2916 138 32 verses.
1145 2907 29 37 It
1191 2908 30 34 is
1237 2906 115 36 found
1370 2906 35 34 in
1424 2903 45 36 all
1486 2904 62 35 the
1565 2902 171 45 principal
1754 2901 115 41 hymn
1889 2899 117 36 books
2023 2899 36 35 in
2076 2897 76 37 this
2170 2897 71 35 and
2257 2895 139 43 foreign
2415 2890 193 40 countries.
2659 2889 67 37 See
2744 2889 171 37 sketches
2933 2887 38 36 of
2990 2886 99 35 Isaac
3107 2884 125 38 Watts
3250 2882 195 38 elsewhere
3463 2881 35 34 in
3514 2880 76 36 this
3608 2877 109 40 book.

558 2959 72 43 We
645 2959 96 39 have
758 2959 93 35 been
866 2954 133 39 unable
1014 2956 38 35 to
1068 2954 61 46 get
1142 2963 76 35 any
1233 2950 88 38 data
1334 2950 82 35 that
1433 2948 30 35 is
1482 2946 143 38 reliable
1643 2946 112 37 about
1773 2944 40 37 Z.
1835 2943 238 38 Chambless.
2125 2940 69 35 For
2211 2951 21 25 a
2249 2940 102 36 short
2369 2936 129 39 sketch
2517 2937 36 35 of
2569 2935 76 37 him
2664 2945 60 25 see
2743 2932 139 41 James’
2902 2931 24 17 “
2945 2930 151 43 History
3112 2929 37 36 of
3165 2928 63 35 the
3246 2925 131 37 Sacred
3397 2922 141 47 Harp.”
