4042 3437
1523 450 199 53 HOLY
1758 451 288 52 MANNA.
2121 451 67 51 8s
2225 452 51 51 &
2313 466 89 49 7s.

3573 470 78 51 59

358 589 36 18 Tr
495 586 13 9 _
651 586 9 9 .
714 554 17 12 “
741 551 152 37 Worship
905 552 56 28 the
973 551 85 33 I,ord
1069 552 36 27 in
1116 547 120 41 beauty
1247 549 34 30 of
1293 551 265 29 holiness.”—Ps.
1572 553 32 26 29
1619 561 7 19 :
1642 554 26 25 2.
1707 553 58 25 “It
1777 552 29 26 is
1818 560 131 19 manna.
1985 551 79 29 This
2077 560 27 19 ±s
2117 553 57 26 the
2185 552 100 28 bread
2295 552 107 28 which
2415 554 57 26 the
2484 553 84 31 Tord
2580 553 81 27 hath
2674 554 96 31 given
2783 561 63 25 you
2859 556 33 25 to
2905 555 183 29 eat.”—EJx.
3103 556 32 26 16
3147 564 7 20 :
3171 556 41 27 16.

357 590 85 43 Key
464 586 44 40 of
528 588 31 36 c
581 589 133 44 Major.
3246 592 33 43 j.
3306 592 59 34 W-
3391 593 127 33 Moor
3519 599 39 30 b.

456 1119 28 29 I.

557 1087 203 42 Breth-ren,
778 1098 56 24 we
851 1086 95 37 have
966 1089 72 34 met
1053 1090 37 33 to

560 1131 86 38 Will
663 1142 72 33 you
753 1142 90 33 pray
858 1132 87 35 with
964 1132 45 35 all
1026 1142 91 33 your

1167 1084 186 50 wor-ship,
1373 1085 82 36 And
1472 1097 21 24 a
1518 1104 13 6 -
1555 1086 83 36 dore
1654 1086 63 37 the
1736 1086 92 36 Lord
1845 1097 64 25 our
1927 1086 97 43 God;
2084 1110 13 18 A
2109 1110 43 19 „.
2237 1111 6 7 .
2338 1111 7 10 .
2504 1111 23 17 o
2780 1111 32 16 tt
2839 1110 7 14 <
3127 1113 17 15 j

1171 1130 277 49 pow-er,While
1464 1141 56 25 we
1539 1133 59 41 try
1614 1134 36 33 to
1668 1132 128 42 preach
1815 1132 62 36 the
1898 1131 129 40 Word?
2075 1112 30 34 A
2143 1120 32 27 ’s
2184 1121 88 26 vain
2285 1112 126 35 unless
2427 1112 63 36 the
2504 1111 109 44 Spirit
2630 1110 56 38 Of
2702 1112 63 37 the
2780 1109 97 47 Holy
2890 1111 87 37 One
2990 1122 119 26 comes
3124 1113 119 40 down;
3266 1113 191 46 Brethren,
3471 1125 91 34 oray
3572 1115 72 37 and

1564 1675 20 31 1
1655 1675 21 30 2

1563 1903 20 31 1
1655 1904 22 29 2

414 2133 48 36 ho
487 2150 14 9 -
524 2131 38 45 ly
646 2141 149 25 man-na
837 2131 86 38 Will
1031 2131 43 36 be
1091 2129 203 38 show-ered
1327 2131 44 35 all
1434 2142 21 24 a
1466 2149 13 6 -
1490 2130 126 36 round,
1637 2129 114 34 -round.

1566 2186 20 31 1
1657 2187 23 29 2

1566 2414 19 30 1
1657 2415 21 29 2

1856 1699 20 25 2
1901 1687 189 47 Brethren,
2108 1700 60 26 see
2186 1701 86 32 poor
2288 1690 143 37 sinners
2448 1691 115 36 round
2579 1701 86 33 you,

1946 1743 208 47 Trembling
2172 1757 46 24 on
2235 1746 64 36 the
2317 1746 107 36 brink
2441 1747 38 35 of
2494 1756 99 34 woe;

1902 1799 120 39 Death
2042 1801 30 36 is
2088 1802 156 43 coming,
2264 1802 70 35 hell
2352 1803 30 35 is
2402 1803 163 44 moving,

1945 1855 85 39 Can
2048 1868 72 32 you
2139 1857 83 36 bear
2238 1860 37 34 to
2293 1858 48 36 let
2356 1858 100 36 them
2475 1868 44 34 go
2529 1859 16 35 ?

1901 1912 67 37 See
1986 1923 63 26 our
2065 1913 153 44 fathers,
2239 1924 59 25 see
2317 1925 65 24 our
2399 1914 173 45 mothers,

1947 1968 81 37 And
2045 1980 64 24 our
2125 1969 158 36 children
2301 1969 150 45 sinking
2469 1970 130 45 down;

1902 2024 188 46 Brethren,
2109 2036 103 33 pray,
2232 2026 71 35 and
2320 2025 88 45 holy
2425 2036 134 27 manna

1945 2079 89 40 Will
2051 2081 44 36 be
2111 2082 190 35 showered
2317 2082 46 35 all
2379 2081 150 37 around.

1860 2172 15 33 3
1902 2158 147 46 Sisters,
2066 2160 73 36 will
2157 2171 72 33 you
2247 2161 75 43 join
2340 2161 71 36 and
2428 2160 82 45 help
2527 2172 44 24 us
2582 2162 15 34 ?

1948 2215 136 38 Moses’
2104 2216 126 36 sisters
2248 2217 102 35 aided
2367 2217 97 43 him;

1902 2269 88 42 Will
2007 2282 71 35 you
2096 2272 82 43 help
2196 2273 62 35 the
2276 2272 194 45 trembling
2489 2283 199 33 mourners,

1948 2327 99 39 Who
2065 2338 58 25 are
2141 2329 206 43 struggling
2365 2328 90 35 hard
2472 2328 88 36 with
2579 2329 56 34 sin
2646 2321 18 42 ?

1904 2382 76 38 Tell
1997 2382 99 39 them
2115 2384 45 35 all
2180 2384 110 37 about
2307 2384 62 36 the
2388 2383 166 44 Saviour,

1948 2438 76 37 Tell
2042 2439 99 37 them
2160 2441 82 35 that
2261 2441 54 35 He
2334 2440 71 36 will
2424 2438 43 37 be
2482 2440 135 44 found;

1902 2494 147 45 Sisters,
2068 2505 103 34 pray,
2190 2496 72 36 and
2288 2495 88 45 holy
2394 2507 134 24 manna

1950 2550 85 41 Will
2054 2553 42 34 be
2114 2552 187 37 showered
2319 2551 45 37 all
2382 2551 149 36 around.

2786 1701 22 32 4
2834 1690 32 35 Is
2883 1691 100 36 there
3000 1691 84 36 here
3101 1702 22 25 a
3137 1692 196 46 trembling
3347 1694 115 45 jailer,

2879 1746 159 44 Seeking
3055 1755 119 35 grace,
3192 1748 71 36 and
3279 1748 95 37 filled
3391 1750 89 37 with
3498 1751 123 37 fears?

2835 1801 31 36 Is
2883 1802 100 37 there
3000 1803 84 35 here
3101 1814 22 25 a
3139 1804 166 44 weeping
3325 1805 117 44 Mary,

2878 1858 155 43 Pouring
3050 1858 97 37 forth
3167 1870 22 25 a
3205 1859 95 36 flood
3318 1861 37 35 of
3371 1864 96 33 tears
3480 1862 15 35 ?

2834 1912 187 45 Brethren,
3039 1914 74 45 join
3131 1924 92 34 your
3239 1916 89 36 cries
3345 1920 37 33 to
3399 1918 83 43 help
3498 1916 121 46 them;

2877 1969 146 44 Sisters,
3042 1971 48 36 let
3106 1982 91 32 your
3214 1983 148 33 prayers
3380 1973 165 45 abound;

2834 2024 107 46 Pray,
2959 2026 38 36 O
3014 2037 91 34 pray
3121 2028 82 35 that
3219 2028 88 44 holy
3324 2039 133 27 manna

2878 2080 89 45 May
2985 2081 43 37 be
3045 2084 177 35 scattered
3238 2083 46 37 all
3300 2086 150 36 around.

2790 2170 16 34 5
2834 2159 66 37 Let
2916 2171 44 25 us
2977 2158 81 39 love
3076 2173 64 24 our
3158 2161 86 38 God
3262 2163 223 45 supremely,

2879 2215 65 37 Let
2961 2227 44 25 us
3022 2217 80 35 love
3120 2218 86 36 each
3226 2219 117 44 other,
3359 2222 83 42 too;

2835 2270 66 38 Let
2917 2282 43 25 us
2978 2272 80 36 love
3075 2273 71 36 and
3164 2285 91 33 pray
3270 2275 57 35 for
3344 2276 157 44 sinners,

2878 2326 68 37 Till
2964 2338 64 25 our
3046 2327 85 37 God
3151 2330 127 35 makes
3296 2330 46 36 all
3359 2331 125 44 things
3503 2343 93 26 new.

2833 2382 105 37 Then
2957 2382 93 37 He’ll
3067 2384 65 36 call
3150 2396 44 24 us
3212 2385 107 36 home
3335 2389 37 34 to
3389 2387 156 44 heaven,

2879 2439 47 36 At
2944 2438 66 37 His
3027 2440 95 36 table
3140 2441 96 35 we’ll
3257 2442 47 35 sit
3320 2442 127 44 down;

2833 2492 133 40 Christ
2981 2495 72 35 will
3071 2496 78 43 gird
3169 2495 167 46 Himself,
3355 2498 71 35 and
3444 2509 104 27 serve
3567 2511 44 24 us

2878 2549 104 41 With
3001 2554 114 34 sweet
3132 2562 135 27 manna
3284 2553 45 36 all
3347 2554 149 37 around.

357 2645 91 39 This
466 2646 30 36 is
514 2657 68 25 one
600 2642 36 39 of
652 2645 62 37 the
731 2648 109 34 tunes
857 2646 37 34 of
910 2644 86 45 long
1014 2644 185 43 standing,
1219 2643 71 36 and
1307 2643 68 36 has
1397 2648 87 30 been
1503 2653 96 32 sung
1617 2641 71 36 and
1706 2642 129 43 played
1853 2642 49 43 by
1918 2640 133 37 church
2077 2642 123 43 people
2218 2642 35 34 in
2271 2642 239 37 conventions
2528 2641 71 35 and
2617 2641 148 44 singing
2782 2639 163 40 societies
2962 2641 55 34 for
3035 2640 132 38 almost
3183 2652 69 26 one
3269 2642 164 37 hundred
3453 2655 118 32 years.
3625 2645 29 36 It

267 2692 30 35 is
315 2690 199 47 suggested
537 2691 82 37 that
641 2691 63 35 the
729 2690 131 35 chorus
886 2701 85 31 may
990 2689 42 36 be
1057 2688 240 43 successfully
1314 2688 170 35 rendered
1508 2690 37 33 to
1572 2686 23 16 “
1613 2686 106 40 Lord,
1740 2687 139 36 Revive
1902 2686 97 37 Us.”
2051 2685 104 36 From
2180 2686 63 36 the
2269 2686 80 36 best
2374 2687 231 34 information
2631 2689 37 33 at
2693 2695 64 26 our
2773 2683 191 40 command
2988 2694 55 27 we
3068 2686 110 36 credit
3196 2690 33 32 J.
3251 2685 63 40 W.
3335 2688 123 36 Moore
3475 2689 89 36 with
3589 2689 63 36 the

267 2737 128 42 music,
414 2735 83 36 who
515 2738 112 33 wrote
644 2735 71 35 and
730 2733 193 44 published
941 2744 46 25 an
1005 2731 252 46 encyclopedia
1273 2732 38 34 of
1328 2732 128 43 music,
1474 2732 137 35 known
1629 2742 41 24 as
1689 2730 158 37 Moore’s
1866 2729 23 17 “
1907 2729 261 46 Encyclopedia
2185 2731 37 34 of
2241 2729 161 45 Music,”
2421 2730 88 35 with
2529 2741 45 24 an
2594 2730 179 43 appendix
2792 2727 226 46 introducing
3037 2729 149 37 musical
3204 2734 130 33 events
3352 2743 47 33 up
3416 2739 37 30 to
3475 2732 96 44 1876.
3622 2733 31 37 It

266 2790 79 28 was
361 2780 81 37 first
457 2778 193 45 published
667 2780 36 34 in
724 2779 95 43 1854.
870 2777 145 38 Printed
1028 2778 36 35 in
1122 2775 184 40 Southern
1326 2775 233 46 Harmony,”
1576 2786 93 33 page
1690 2786 74 33 103,
1787 2777 94 42 1835.
1934 2775 67 37 Mr.
2024 2774 122 38 Moore
2163 2785 79 25 was
2258 2775 92 35 from
2367 2775 64 36 the
2448 2774 102 36 State
2567 2775 37 34 of
2621 2774 187 39 Vermont.

1673 2829 201 37 Copyright,
1886 2828 78 35 1908,
1980 2828 44 36 by
2033 2830 29 34 J.
2076 2830 32 27 S.
2117 2831 122 33 James.
