3970 3401
469 378 75 50 72

558 435 86 43 Key
666 434 47 34 of
730 434 32 33 F
783 433 135 46 Major.

1817 364 153 54 THE
2008 365 275 59 WEARY
2319 364 211 55 SOUL.

1304 442 19 15 “
1332 443 97 27 Come
1441 444 79 25 unto
1533 449 61 23 me.
1609 442 45 28 all
1667 449 40 28 ye
1719 443 72 27 that
1805 443 116 28 labour
1931 443 67 29 and
2010 453 57 19 are
2078 446 106 35 heavy
2196 445 105 34 laden,
2315 444 67 29 and
2393 447 16 25 I
2421 444 69 29 will
2502 444 78 35 give
2592 453 65 26 you
2670 446 248 29 rest.’*—Matt.
2932 446 51 27 11:
3000 445 42 28 28.

3349 438 35 43 J.
3411 438 43 35 T.
3480 438 165 47 White,
3671 439 98 38 1844.

575 641 81 37 (Ye
674 654 135 34 weary,
829 644 122 42 heavy
968 642 103 36 laden
1091 641 114 45 souls,
1228 643 98 39 Who
1346 654 58 24 are
1424 645 194 41 oppressed
1635 645 72 36 and
1726 656 92 32 sore,
1848 649 13 31 1
1882 644 95 37 Tho’
1995 647 149 43 chilling
2160 648 120 35 winds
2298 647 72 36 and
2387 647 146 44 beating
2553 647 111 42 rains,
2827 646 80 36 And
2922 646 157 38 enemies
3097 644 243 47 surrounding
3359 659 57 32 us,

575 696 13 29 I
604 686 52 37 Ye
666 688 176 36 travelers
852 688 170 36 thro’the
1036 686 212 38 wilderness
1264 687 52 36 To
1333 686 195 38 Canaan’s
1540 688 160 44 peaceful
1713 690 119 43 shore,
1849 696 12 35 J
2462 692 80 36 And
2560 693 132 34 waters
2710 690 88 44 deep
2815 691 72 35 and
2905 691 91 43 cold,
3323 692 104 36 Take
3444 703 152 34 courage
3613 695 72 37 and
3703 697 43 36 be
3761 696 94 36 bold.

573 1104 13 32 f
602 1101 184 46 Farewell,
802 1114 61 32 my
875 1103 167 36 brethren
1058 1103 33 34 in
1104 1103 62 35 the
1181 1102 105 44 Lord,
1305 1104 98 37 Who
1415 1114 59 24 are
1487 1104 56 35 for
1554 1101 158 39 Canaan
1726 1104 135 43 bound,
1902 1108 13 30 1
1938 1104 10 34 1
1967 1104 94 45 hope
2077 1107 83 35 that
2178 1107 11 34 I
2208 1106 93 36 shall
2320 1108 94 34 meet
2430 1116 71 34 you
2520 1106 101 35 there
2835 1106 37 35 In
2892 1105 187 37 mansions
3097 1105 38 35 of
3151 1104 134 39 eternal
3305 1106 103 45 bliss,

573 1151 7 32 I
601 1147 81 36 And
694 1148 131 35 should
838 1158 55 25 we
906 1158 109 25 never
1028 1151 93 33 meet
1130 1148 106 43 again
1252 1147 67 36 Till
1333 1147 185 37 Gabriel’s
1529 1151 121 40 trump
1665 1148 79 34 shall
1755 1149 131 40 sound,
1906 1157 9 30 j
2449 1148 63 38 On
2529 1151 82 35 that
2624 1150 190 44 delightful
2833 1150 120 44 shore,
3325 1151 136 39 Where
3475 1153 144 46 parting
3637 1155 30 35 is
3685 1165 46 26 no
3746 1166 109 26 more.

554 1356 33 36 J.
609 1356 42 36 T.
676 1356 138 44 White,
831 1358 63 35 the
911 1357 131 37 author
1058 1358 37 34 of
1111 1356 62 37 the
1191 1357 116 36 above
1323 1360 101 40 tune,
1443 1370 78 24 was
1539 1370 21 24 a
1578 1358 154 44 nephew
1750 1358 37 35 of
1805 1359 42 35 B.
1870 1358 39 35 F.
1932 1358 138 41 White.
2123 1361 54 35 He
2195 1361 130 36 moved
2349 1364 38 33 to
2405 1361 122 35 Texas
2545 1361 111 36 about
2679 1360 115 45 thirty
2811 1371 106 33 years
2935 1370 88 32 ago;
3052 1358 133 46 taught
3209 1361 148 43 singing
3382 1362 123 36 school
3524 1363 35 35 in
3577 1362 82 39 that
3679 1363 102 39 State
3798 1366 56 35 for

462 1401 116 44 thirty
594 1411 125 34 years;
748 1412 77 25 was
850 1402 94 34 alive
961 1401 107 35 when
1087 1401 72 35 last
1176 1401 109 36 heard
1302 1402 106 42 from,
1427 1414 86 24 over
1532 1403 126 43 ninety
1675 1413 107 33 years
1800 1404 36 34 of
1853 1414 79 33 age.
1983 1403 67 38 See
2066 1405 142 36 further
2224 1407 217 37 statements
2459 1405 111 37 about
2587 1406 74 34 him
2682 1406 35 34 in
2737 1404 138 38 James’
2895 1403 25 18 “
2935 1403 152 44 History
3103 1404 37 36 of
3155 1404 63 38 the
3237 1404 132 37 Sacred
3390 1406 143 45 Harp,”
3552 1417 92 36 page
3664 1417 52 36 51.

555 1444 79 37 The
651 1445 120 37 words
790 1445 37 36 of
845 1444 25 17 “
884 1445 79 36 The
982 1445 139 44 Weary
1138 1444 87 37 Soul
1238 1447 23 16 ”
1280 1456 59 26 are
1356 1446 112 38 taken
1486 1448 92 35 from
1599 1447 24 17 “
1637 1445 127 39 Zion’s
1783 1446 219 47 Songster,”
2022 1460 91 33 page
2135 1452 74 42 185,
2229 1449 154 38 seventh
2403 1449 148 43 edition,
2575 1452 94 41 1832.

1730 1513 412 55 BELLEVUE,
2221 1530 100 36 ns.

1546 1580 18 12 “
1575 1582 50 24 He
1636 1579 81 28 hath
1731 1578 70 29 said
1814 1582 15 25 I
1842 1579 68 28 will
1923 1587 99 21 never
2034 1581 91 28 leave
2137 1582 85 34 thee,
2237 1590 60 19 nor
2309 1581 134 29 forsake
2454 1583 233 27 thee.”—Heb.
2703 1584 31 25 18
2747 1591 7 19 :
2770 1583 27 29 5.

2400 1630 44 31 In
2467 1629 68 32 the
2563 1629 21 17 “
2598 1628 140 35 Sacred
2761 1630 108 43 Harp
2881 1629 20 16 ”
2925 1627 78 35 this
3026 1631 94 31 tune
3144 1627 33 35 is
3199 1628 170 36 credited
3391 1633 42 31 to
3457 1632 38 33 Z.
3524 1631 243 39 Chambers.

553 1669 179 38 George
754 1673 153 38 Keith,
932 1670 97 35 1787.
1079 1671 85 41 Key
1186 1669 43 35 of
1253 1662 52 47 b|z
1327 1669 134 45 Major.
2577 1675 40 31 It
2637 1684 78 23 was
2737 1671 207 46 originally
2966 1671 152 36 written
3141 1672 51 44 by
3215 1676 124 32 Anne
3363 1675 178 37 STEEEE.

693 1890 28 26 i.
749 1879 95 36 How
861 1880 77 34 firm
957 1890 21 24 a
994 1878 228 46 foundation,
1241 1891 44 32 ye
1302 1880 117 37 saints
1437 1881 37 34 of
1489 1881 63 36 the
1572 1880 106 44 Lord,
2353 1882 116 40 What
2483 1894 96 25 more
2595 1894 66 24 can
2681 1883 55 36 He
2753 1893 69 35 say
2838 1885 90 35 than
2945 1886 38 34 to
3000 1893 72 32 you
3092 1883 55 36 He
3165 1882 89 37 hath
3273 1884 92 43 said,

1479 1925 32 35 Is
1528 1926 71 35 laid
1616 1926 55 35 for
1688 1935 92 34 your
1795 1927 93 35 faith
1908 1926 38 34 in
1965 1927 58 36 his
2041 1928 174 36 excellent
2231 1928 113 44 word,
3008 1927 80 36 You
3106 1927 86 39 who
3210 1931 88 33 unto
3318 1928 111 36 Jesus
3446 1931 55 35 for
3518 1930 124 46 refuge
3659 1932 97 36 have
3772 1934 82 35 fled.

683 2176 33 24 2.
745 2163 120 37 “Fear
883 2166 74 41 not,
979 2164 11 35 I
1008 2174 58 26 am
1085 2164 88 36 with
1192 2164 103 45 thee;
1318 2164 38 37 O
1375 2165 43 36 be
1437 2168 63 33 not
1517 2166 183 42 dismayed
1717 2168 7 33 !
2378 2167 52 37 I’ll
2448 2170 215 42 strengthen
2680 2168 97 44 thee,
2796 2170 82 42 help
2896 2169 97 45 thee,
3012 2169 72 36 and
3101 2179 109 27 cause
3227 2170 84 36 thee
3328 2173 37 33 to
3381 2170 122 45 stand,

1486 2210 25 42 I,
1533 2211 10 33 1
1561 2222 58 24 am
1637 2211 69 44 thy
1724 2209 99 46 God,
1841 2212 73 37 and
1931 2211 73 38 will
2022 2213 71 36 still
2113 2214 83 42 give
2213 2215 83 35 thee
2313 2214 69 43 aid;
2970 2214 143 44 Upheld
3132 2214 49 44 by
3196 2225 61 33 my
3276 2216 201 44 righteous,
3500 2216 228 47 omnipotent
3740 2218 112 37 hand.

691 2430 31 33 3.
750 2417 152 38 “When
920 2418 159 43 through
1098 2418 62 35 the
1177 2418 89 44 deep
1283 2422 134 35 waters
1437 2419 12 35 I
1465 2420 66 35 call
1548 2422 84 35 thee
1649 2423 37 34 to
1704 2430 60 34 go,
2350 2422 68 36 For
2438 2422 11 35 I
2467 2424 72 35 will
2557 2423 43 35 be
2617 2424 89 35 with
2724 2423 97 46 thee,
2839 2425 69 43 thy
2924 2424 160 38 troubles
3101 2427 37 34 to
3157 2424 111 44 bless,

1473 2464 78 36 The
1570 2465 113 35 rivers
1701 2465 36 35 of
1755 2475 137 26 sorrow
1910 2466 93 37 shall
2022 2470 63 34 not
2102 2467 182 45 overflow;
2477 2476 15 11 '
3004 2469 81 35 And
3102 2468 160 44 sanctify
3278 2472 37 33 to
3332 2469 83 36 thee
3432 2471 70 43 thy
3519 2470 147 47 deepest
3688 2472 165 38 distress.

684 2519 34 31 4.
747 2506 107 37 “The
871 2508 80 34 soul
968 2507 82 37 that
1067 2517 46 24 on
1133 2506 111 38 Jesus
1262 2509 89 36 hath
1371 2508 127 37 leaned
1514 2509 57 35 for
1588 2519 124 34 repose
2354 2512 79 36 The
2451 2512 93 44 soul,
2561 2513 143 43 though
2723 2513 46 35 all
2787 2514 70 35 hell
2875 2512 132 39 should
3025 2514 179 36 endeavor
3220 2516 37 34 to
3276 2514 130 44 shake,

1486 2553 11 35 I
1578 2554 72 37 will
1670 2556 76 42 not,
1766 2553 11 36 I
1794 2554 73 36 will
1885 2558 63 34 not
1965 2556 119 37 desert
2099 2560 37 33 to
2154 2557 59 36 his
2229 2557 93 44 foes,
3007 2557 51 36 I’ll
3077 2567 125 34 never,
3222 2568 46 24 no
3287 2569 124 34 never,
3430 2570 46 24 no
3495 2569 112 28 never
3622 2560 193 38 forsake.”

553 2794 92 36 Miss
665 2795 101 33 Anne
788 2792 116 37 Steele
922 2804 82 26 was
1019 2793 64 36 the
1108 2793 178 44 daughter
1303 2795 38 34 of
1365 2806 20 25 a
1412 2795 143 44 Baptist
1572 2796 173 37 minister.
1796 2795 74 37 She
1887 2807 79 24 was
1991 2798 89 36 born
2106 2799 35 34 in
2169 2797 181 46 England,
2369 2799 35 35 in
2427 2798 95 44 1706,
2541 2802 39 33 at
2598 2798 212 45 Broughton
2838 2798 232 46 Hampshire,
3089 2799 179 44 spending
3292 2800 65 35 her
3374 2800 60 35 life
3451 2801 113 36 there.
3615 2802 74 37 She
3714 2803 80 35 died
3819 2804 35 34 in

466 2841 95 41 1778.
612 2838 37 35 In
680 2838 80 42 1760
777 2838 71 34 and
877 2839 83 42 1780
977 2838 165 36 volumes
1161 2838 37 35 of
1222 2839 64 35 her
1302 2840 125 36 works
1444 2841 35 34 in
1497 2850 105 26 verse
1620 2840 72 36 and
1709 2850 105 33 prose
1831 2852 94 24 were
1949 2841 206 45 published,
2175 2844 72 34 and
2266 2853 111 34 many
2394 2843 150 45 hymns,
2562 2844 153 43 psalms,
2733 2854 138 35 poems,
2890 2844 71 36 and
2984 2846 109 33 tunes
3111 2855 58 24 are
3187 2844 155 36 credited
3365 2847 38 34 to
3429 2845 74 37 her.
3555 2844 67 40 Mr.
3644 2846 211 37 Chambers

462 2885 105 35 made
582 2894 22 25 a
620 2883 73 35 few
709 2882 206 36 alterations
933 2883 35 35 in
984 2883 64 37 the
1065 2882 117 36 above
1198 2887 100 33 tune.
1349 2884 81 36 The
1452 2885 152 44 original
1620 2885 78 38 title
1714 2888 38 34 to
1768 2885 76 37 this
1860 2886 116 44 hymn
1994 2898 79 25 was
2091 2886 24 17 “
2131 2888 166 37 Precious
2315 2886 225 40 Promises.”

551 2926 146 46 George
723 2926 105 37 Keith
846 2938 79 25 was
949 2939 23 24 a
996 2927 146 43 Baptist
1158 2928 176 44 minister,
1351 2929 188 45 publisher
1562 2931 73 35 and
1660 2930 214 37 bookseller.
1924 2931 56 35 He
1996 2938 113 31 wrote
2125 2944 22 25 a
2172 2933 151 36 number
2339 2933 39 36 of
2401 2933 149 45 hymns.
2601 2932 108 37 Some
2732 2933 90 45 high
2847 2933 214 38 authorities
3077 2934 105 35 claim
3197 2933 83 37 that
3297 2932 136 39 Robert
3451 2933 135 47 Keene,
3603 2947 23 25 a
3643 2936 160 36 member
3818 2938 39 35 of

463 2972 66 36 Dr.
551 2971 98 37 John
677 2971 173 45 Rippon’s
868 2972 132 36 church
1022 2971 180 46 (Baptist)
1222 2974 37 34 of
1282 2973 150 37 London
1450 2975 192 43 composed
1660 2975 61 36 the
1739 2974 117 37 above
1880 2976 127 44 hymn.
2060 2976 25 18 “
2100 2977 94 37 How
2211 2977 95 36 Firm
2325 2989 20 24 a
2372 2977 228 38 Foundation
2615 2980 23 15 ”
2657 2989 78 25 was
2752 2978 63 37 the
2831 2978 155 38 favorite
3004 2979 36 34 of
3066 2978 188 36 President
3271 2978 158 37 Andrew
3449 2978 200 39 Jackson’s
3667 2982 98 43 wife,
3783 2981 73 37 and

462 3027 46 25 on
525 3016 59 37 his
601 3016 177 37 deathbed
795 3016 46 37 he
859 3015 188 46 requested
1063 3016 82 37 that
1162 3017 27 38 it
1206 3017 43 37 be
1266 3029 108 33 sung.
1428 3019 29 37 It
1472 3029 79 26 was
1569 3019 76 37 also
1662 3030 22 27 a
1699 3019 156 38 favorite
1872 3021 37 34 of
1927 3020 158 38 General
2105 3021 134 39 Robert
2256 3023 43 35 E.
2321 3022 82 43 Lee,
2422 3023 63 37 the
2502 3024 161 43 greatest
2686 3023 38 36 of
2741 3023 146 38 modern
2905 3021 181 49 generals,
3103 3022 73 37 and
3193 3023 28 37 it
3236 3034 80 27 was
3334 3034 96 34 sung
3447 3026 39 35 at
3501 3022 59 39 his
3576 3023 154 40 funeral.

1865 3063 190 36 Copyright,
2071 3065 76 35 1909,
2162 3065 44 36 by
2216 3068 28 32 J.
2258 3068 31 26 S.
2302 3067 118 34 James.
