4011 3523
1766 465 369 63 LEANDER.
2208 466 65 54 C.
2310 464 85 54 M.

1022 575 17 13 “
1048 573 93 29 Then
1153 572 168 30 answered
1334 573 93 26 Peter
1438 571 65 26 and
1515 571 70 27 said
1597 573 79 25 unto
1688 570 79 33 him,
1783 569 131 35 Behold,
1928 578 50 19 we
1989 569 82 28 have
2083 567 156 31 forsaken
2251 569 55 34 all,
2320 568 65 27 and
2398 566 153 29 followed
2563 566 257 31 thee.”—Matt.
2835 567 33 27 19
2879 577 7 19 :
2904 568 41 30 27.

376 624 122 36 ISAAC
521 620 161 45 Watts,
704 621 99 38 1707.
852 623 85 42 Key
961 620 41 38 Of
1024 623 32 31 A
1081 620 136 35 Minor.

3613 482 62 49 71

3417 615 167 35 Austin.

486 896 28 25 1.
543 881 67 48 My
626 883 80 37 soul
766 881 186 38 for-sakes
968 877 65 45 her
1070 881 88 36 vain
1198 881 169 44 de-light,
1387 879 83 35 And
1487 879 80 36 bids
1613 879 63 37 the
1692 878 114 36 world
1828 878 77 36 fare
1917 897 16 7 -
1944 876 94 46 well;

2134 877 96 37 Base
2265 888 42 25 as
2345 875 64 36 the
2425 875 71 38 dirt
2556 873 172 40 be-neath
2745 875 63 35 the
2823 876 87 42 feet,
2953 871 82 44 And
3052 873 165 41 mis-chie
3232 894 11 7 ■
3254 886 95 25 vous
3366 886 42 26 as
3476 873 85 38 hell.

481 1407 32 26 2.
539 1393 153 40 There’s
710 1395 154 45 nothing
881 1393 114 40 round
1011 1391 75 39 this
1104 1393 167 43 spacious
1289 1389 100 40 earth
1410 1389 98 39 That
1524 1390 93 37 suits
1636 1400 63 35 my
1716 1389 114 36 soul’s
1848 1388 43 37 de
1908 1407 14 7 -
1947 1387 79 46 sire;

2139 1386 53 38 To
2210 1385 213 40 bound-less
2440 1388 65 43 joy

2562 1386 72 38 and
2651 1387 54 36 sol
2724 1406 15 6 -
2757 1386 34 36 id
2810 1387 107 36 mirth
2937 1385 66 46 My
3020 1385 141 38 no-bler
3177 1385 180 46 thoughts
3375 1395 41 27 as
3444 1404 14 7 -
3481 1385 86 45 pire.

3375 1759 21 31 1
3562 1760 23 31 2

444 1990 55 39 No
517 1990 58 36 Ion
602 2008 16 7 -
642 1997 63 36 ger
744 1987 72 36 will
896 1987 12 36 I
975 1987 72 37 ask
1063 1996 91 34 your
1178 1984 94 44 love,
1301 1982 73 40 Nor
1391 1982 89 36 seek
1497 1990 90 36 your
1604 1978 216 47 friend-ship
1853 1990 110 34 more;
2040 1978 78 36 The
2135 1978 72 45 hap
2233 1997 13 8 -
2270 1978 139 46 pi-ness
2448 1978 83 37 that

2676 1988 172 34 ap-prove
2908 1977 33 36 Is
2975 1976 64 36 not
3075 1975 145 36 with-in
3251 1986 91 34 your
3378 1973 131 51 pow’r.
3536 1974 127 46 pow’r.

3376 2020 19 31 1
3561 2020 21 30 2

3378 2271 20 30 1
3562 2270 23 31 2

406 2500 79 47 Oh,
518 2502 56 35 for
634 2499 63 39 the
747 2499 61 45 pin
826 2518 14 6 -
857 2499 79 36 ions
953 2498 38 36 of
1082 2509 21 25 a
1150 2497 93 36 dove
1291 2493 55 40 To
1365 2497 127 34 mount
1507 2494 62 37 the
1587 2489 197 48 heav’n-ly
1829 2491 96 45 road;
1993 2489 118 38 There
2129 2488 94 40 shall
2257 2490 12 35 I
2310 2488 107 41 share
2459 2500 62 34 my
2537 2486 206 41 Sav-iour’s
2760 2487 95 44 love,
2876 2486 117 38 There
3011 2486 97 37 shall
3129 2486 11 35 I
3159 2486 102 36 dwell
3279 2487 89 37 with
3389 2485 96 39 God.
3529 2485 97 39 God.

384 2765 80 39 The
480 2763 117 39 above
615 2763 30 37 is
663 2772 68 30 one
748 2763 37 36 of
805 2763 98 36 Isaac
923 2760 138 42 Watts’
1080 2760 151 44 hymns,
1250 2756 72 41 and
1340 2759 31 35 is
1388 2757 183 43 supposed
1588 2759 37 35 to
1642 2756 96 36 have
1756 2754 91 37 been
1864 2752 193 47 composed
2075 2752 110 39 about
2205 2763 94 34 1707-
2352 2750 79 40 The
2449 2754 105 35 exact
2570 2751 95 44 date,
2684 2751 186 44 however,
2889 2751 30 35 is
2936 2749 91 37 hard
3043 2752 37 34 to
3098 2750 189 35 ascertain.

384 2806 235 42 “Leander”
646 2807 31 38 is
702 2820 22 25 a
746 2817 91 36 very
862 2808 57 35 old
943 2809 101 41 tune,
1063 2806 72 36 and
1160 2805 104 36 dates
1290 2801 100 47 early
1407 2803 36 34 in
1466 2801 64 38 the
1555 2799 209 40 nineteenth
1788 2801 166 43 century,
1973 2798 72 37 and
2069 2808 66 26 can
2161 2797 44 37 be
2228 2796 114 39 found
2367 2797 35 36 in
2421 2799 98 35 most
2543 2795 190 39 American
2758 2806 94 32 song
2877 2795 129 37 books.
3057 2793 68 37 See
3181 2792 180 38 Southern
3388 2791 232 48 Harmony,”
3640 2793 49 44 by

294 2851 167 50 Walker,
486 2855 96 44 1835,
601 2861 93 39 page
715 2854 73 37 128.
841 2852 29 37 It
887 2852 30 35 is
934 2849 155 40 credited
1107 2850 35 36 in
1160 2849 83 38 that
1259 2846 97 43 book
1372 2850 38 35 to
1429 2846 145 38 Austin.
1625 2845 71 40 We
1713 2854 66 26 can
1797 2845 76 36 find
1891 2854 46 27 no
1955 2842 233 41 information
2205 2839 216 48 concerning
2439 2841 89 37 him.
2579 2839 67 39 See
2664 2840 77 37 also
2758 2839 24 18 “
2796 2838 171 39 Missouri
2987 2838 231 44 Harmony,”
3243 2838 94 44 1837,
3355 2848 93 34 page
3469 2849 71 33 129.
