<?xml version="1.0" encoding="UTF-8"?>
<?xml-stylesheet href="https://raw.githubusercontent.com/sounding-spirit/ocr-correction/master/alto-style.css"?>
<alto xmlns="http://www.loc.gov/standards/alto/ns-v2#"
      xmlns:xlink="http://www.w3.org/1999/xlink"
      xmlns:xsi="http://www.w3.org/2001/XMLSchema-instance"
      xsi:schemaLocation="http://www.loc.gov/standards/alto/ns-v2# http://www.loc.gov/standards/alto/alto-v2.0.xsd">
   <Description>
      <MeasurementUnit>pixel</MeasurementUnit>
      <OCRProcessing ID="IdOcr">
         <ocrProcessingStep>
            <processingDateTime>2020-06-16</processingDateTime>
            <processingSoftware>
               <softwareCreator>ABBYY</softwareCreator>
               <softwareName>ABBYY FineReader Engine</softwareName>
               <softwareVersion>12</softwareVersion>
            </processingSoftware>
         </ocrProcessingStep>
      </OCRProcessing>
   </Description>
   <Styles/>
   <Layout>
      <Page ID="Page1" PHYSICAL_IMG_NR="1" HEIGHT="3412" WIDTH="4030">
         <TopMargin HEIGHT="391" WIDTH="4030" VPOS="0" HPOS="0"/>
         <LeftMargin HEIGHT="2732" WIDTH="239" VPOS="391" HPOS="0"/>
         <RightMargin HEIGHT="2732" WIDTH="364" VPOS="391" HPOS="3666"/>
         <BottomMargin HEIGHT="289" WIDTH="4030" VPOS="3123" HPOS="0"/>
         <PrintSpace HEIGHT="2732" WIDTH="3427" VPOS="391" HPOS="239">
            <ComposedBlock ID="Page1_Block1"
                           HEIGHT="2732"
                           WIDTH="3427"
                           VPOS="391"
                           HPOS="239"
                           TYPE="container">
               <Shape>
                  <Polygon POINTS="330,392 949,392 949,393 1110,393 1110,394 1170,394 1170,395 1213,395 1213,396 1216,396 1216,397 1254,397 1254,398 3309,398 3309,399 3347,399 3347,400 3664,400 3664,643 3663,643 3663,909 3662,909 3662,1006 3663,1006 3663,1174 3662,1174 3662,1441 3661,1441 3661,1703 3662,1703 3662,1706 3661,1706 3661,1972 3660,1972 3660,2239 3659,2239 3659,2400 3660,2400 3660,2503 3659,2503 3659,2554 3658,2554 3658,2771 3657,2771 3657,3036 3656,3036 3656,3094 3635,3094 3635,3095 3495,3095 3495,3096 3429,3096 3429,3097 3394,3097 3394,3098 3362,3098 3362,3099 3243,3099 3243,3100 3096,3100 3096,3101 3011,3101 3011,3102 2823,3102 2823,3103 983,3103 983,3104 972,3104 972,3105 899,3105 899,3106 767,3106 767,3107 616,3107 616,3108 571,3108 571,3109 538,3109 538,3110 418,3110 418,3109 310,3109 310,3108 270,3108 270,3107 252,3107 252,3106 240,3106 240,3103 239,3103 239,3059 240,3059 240,2792 241,2792 241,2522 242,2522 242,2406 241,2406 241,2368 242,2368 242,2256 243,2256 243,1987 244,1987 244,1720 245,1720 245,1709 244,1709 244,1454 245,1454 245,1185 246,1185 246,1012 245,1012 245,919 246,919 246,650 247,650 247,395 269,395 269,394 271,394 271,393 330,393 330,392"/>
               </Shape>
               <TextBlock ID="Page1_Block2"
                          HEIGHT="90"
                          WIDTH="1467"
                          VPOS="391"
                          HPOS="1121"
                          language="en-US">
                  <Shape>
                     <Polygon POINTS="1122,394 1170,394 1170,395 1213,395 1213,396 1216,396 1216,397 1254,397 1254,398 1325,398 1325,399 1482,399 1482,400 1525,400 1525,401 1748,401 1748,402 2015,402 2015,403 2547,403 2547,404 2588,404 2588,479 2279,479 2279,478 2013,478 2013,477 1746,477 1746,476 1533,476 1533,475 1405,475 1405,474 1325,474 1325,473 1250,473 1250,472 1214,472 1214,471 1206,471 1206,470 1163,470 1163,469 1122,469 1122,448 1121,448 1121,395 1122,395 1122,394"/>
                  </Shape>
                  <TextLine HEIGHT="75" WIDTH="1452" VPOS="400" HPOS="1130">
                     <String WC="0.73444443941116333"
                             CONTENT="RUDIMENTS"
                             HEIGHT="68"
                             WIDTH="460"
                             VPOS="402"
                             HPOS="1130">RUDIMENTS</String>
                     <SP WIDTH="68" VPOS="416" HPOS="1591"> </SP>
                     <String WC="1."
                             CONTENT="OF"
                             HEIGHT="60"
                             WIDTH="98"
                             VPOS="409"
                             HPOS="1660">OF</String>
                     <SP WIDTH="66" VPOS="410" HPOS="1759"> </SP>
                     <String WC="0.56833332777023315"
                             CONTENT="MUSIC."
                             HEIGHT="59"
                             WIDTH="260"
                             VPOS="410"
                             HPOS="1826">MUSIC.</String>
                     <SP WIDTH="136" VPOS="413" HPOS="2087"> </SP>
                     <String WC="0.72399997711181641"
                             CONTENT="Continued."
                             HEIGHT="60"
                             WIDTH="358"
                             VPOS="412"
                             HPOS="2224">Continued.</String>
                  </TextLine>
               </TextBlock>
               <TextBlock ID="Page1_Block3"
                          HEIGHT="2638"
                          WIDTH="1691"
                          VPOS="478"
                          HPOS="239"
                          language="en-US">
                  <Shape>
                     <Polygon POINTS="898,482 929,482 929,483 991,483 991,484 1159,484 1159,485 1205,485 1205,486 1216,486 1216,487 1248,487 1248,488 1325,488 1325,489 1482,489 1482,490 1676,490 1676,491 1926,491 1926,651 1925,651 1925,862 1926,862 1926,918 1925,918 1925,1006 1926,1006 1926,1184 1925,1184 1925,1450 1924,1450 1924,1703 1925,1703 1925,1716 1924,1716 1924,1725 1923,1725 1923,1982 1922,1982 1922,2248 1921,2248 1921,2400 1922,2400 1922,2514 1921,2514 1921,2781 1920,2781 1920,2877 1919,2877 1919,3047 1918,3047 1918,3097 1808,3097 1808,3098 1523,3098 1523,3099 1270,3099 1270,3100 1230,3100 1230,3101 1182,3101 1182,3102 1136,3102 1136,3103 983,3103 983,3104 972,3104 972,3105 899,3105 899,3106 767,3106 767,3107 616,3107 616,3108 571,3108 571,3109 538,3109 538,3110 418,3110 418,3109 310,3109 310,3108 270,3108 270,3107 252,3107 252,3106 240,3106 240,3103 239,3103 239,3059 240,3059 240,2792 241,2792 241,2522 242,2522 242,2406 241,2406 241,2368 242,2368 242,2256 243,2256 243,1987 244,1987 244,1720 245,1720 245,1709 244,1709 244,1454 245,1454 245,1185 246,1185 246,1012 245,1012 245,919 246,919 246,650 247,650 247,485 269,485 269,484 288,484 288,483 898,483 898,482"/>
                  </Shape>
                  <TextLine HEIGHT="52" WIDTH="1428" VPOS="489" HPOS="348">
                     <String WC="0.51999998092651367"
                             CONTENT="15."
                             HEIGHT="36"
                             WIDTH="50"
                             VPOS="493"
                             HPOS="348">15.</String>
                     <SP WIDTH="23" VPOS="494" HPOS="399"> </SP>
                     <String WC="0.6875"
                             CONTENT="What"
                             HEIGHT="35"
                             WIDTH="111"
                             VPOS="495"
                             HPOS="423">What</String>
                     <SP WIDTH="23" VPOS="498" HPOS="535"> </SP>
                     <String WC="0.75666666030883789"
                             CONTENT="are"
                             HEIGHT="23"
                             WIDTH="63"
                             VPOS="506"
                             HPOS="559">are</String>
                     <SP WIDTH="21" VPOS="498" HPOS="623"> </SP>
                     <String WC="0.77999997138977051"
                             CONTENT="the"
                             HEIGHT="36"
                             WIDTH="61"
                             VPOS="496"
                             HPOS="645">the</String>
                     <SP WIDTH="20" VPOS="508" HPOS="707"> </SP>
                     <String WC="0.95800000429153442"
                             CONTENT="names"
                             HEIGHT="24"
                             WIDTH="123"
                             VPOS="506"
                             HPOS="728">names</String>
                     <SP WIDTH="21" VPOS="507" HPOS="852"> </SP>
                     <String WC="0.25499999523162842"
                             CONTENT="of"
                             HEIGHT="37"
                             WIDTH="45"
                             VPOS="493"
                             HPOS="874">of</String>
                     <SP WIDTH="19" VPOS="493" HPOS="920"> </SP>
                     <String WC="0.76999998092651367"
                             CONTENT="the"
                             HEIGHT="36"
                             WIDTH="61"
                             VPOS="496"
                             HPOS="940">the</String>
                     <SP WIDTH="21" VPOS="508" HPOS="1002"> </SP>
                     <String WC="0.84285712242126465"
                             CONTENT="ecclesiastical"
                             HEIGHT="40"
                             WIDTH="260"
                             VPOS="495"
                             HPOS="1024">ecclesiastical</String>
                     <SP WIDTH="24" VPOS="499" HPOS="1285"> </SP>
                     <String WC="0.38199999928474426"
                             CONTENT="forms"
                             HEIGHT="34"
                             WIDTH="113"
                             VPOS="499"
                             HPOS="1310">forms</String>
                     <SP WIDTH="25" VPOS="510" HPOS="1424"> </SP>
                     <String WC="0.43000000715255737"
                             CONTENT="of"
                             HEIGHT="33"
                             WIDTH="40"
                             VPOS="501"
                             HPOS="1450">of</String>
                     <SP WIDTH="22" VPOS="502" HPOS="1491"> </SP>
                     <String WC="0.67799997329711914"
                             CONTENT="vocal"
                             HEIGHT="34"
                             WIDTH="103"
                             VPOS="502"
                             HPOS="1514">vocal</String>
                     <SP WIDTH="21" VPOS="503" HPOS="1618"> </SP>
                     <String WC="0.9466666579246521"
                             CONTENT="music?"
                             HEIGHT="36"
                             WIDTH="136"
                             VPOS="501"
                             HPOS="1640">music?</String>
                  </TextLine>
                  <TextLine HEIGHT="62" WIDTH="1565" VPOS="545" HPOS="346">
                     <String WC="1."
                             CONTENT="The"
                             HEIGHT="31"
                             WIDTH="73"
                             VPOS="553"
                             HPOS="346">The</String>
                     <SP WIDTH="20" VPOS="552" HPOS="420"> </SP>
                     <String WC="0.9649999737739563"
                             CONTENT="Chant,"
                             HEIGHT="38"
                             WIDTH="130"
                             VPOS="553"
                             HPOS="441">Chant,</String>
                     <SP WIDTH="17" VPOS="555" HPOS="572"> </SP>
                     <String WC="1."
                             CONTENT="the"
                             HEIGHT="31"
                             WIDTH="61"
                             VPOS="553"
                             HPOS="590">the</String>
                     <SP WIDTH="18" VPOS="553" HPOS="652"> </SP>
                     <String WC="0.66666668653488159"
                             CONTENT="Chord,"
                             HEIGHT="40"
                             WIDTH="133"
                             VPOS="552"
                             HPOS="671">Chord,</String>
                     <SP WIDTH="17" VPOS="557" HPOS="805"> </SP>
                     <String WC="1."
                             CONTENT="the"
                             HEIGHT="32"
                             WIDTH="60"
                             VPOS="554"
                             HPOS="823">the</String>
                     <SP WIDTH="19" VPOS="553" HPOS="884"> </SP>
                     <String WC="0.77799999713897705"
                             CONTENT="Hymn,"
                             HEIGHT="47"
                             WIDTH="136"
                             VPOS="552"
                             HPOS="904">Hymn,</String>
                     <SP WIDTH="19" VPOS="556" HPOS="1041"> </SP>
                     <String WC="1."
                             CONTENT="the"
                             HEIGHT="33"
                             WIDTH="59"
                             VPOS="554"
                             HPOS="1061">the</String>
                     <SP WIDTH="19" VPOS="555" HPOS="1121"> </SP>
                     <String WC="0.82222223281860352"
                             CONTENT="Sentence,"
                             HEIGHT="40"
                             WIDTH="187"
                             VPOS="555"
                             HPOS="1141">Sentence,</String>
                     <SP WIDTH="18" VPOS="559" HPOS="1329"> </SP>
                     <String WC="1."
                             CONTENT="the"
                             HEIGHT="33"
                             WIDTH="60"
                             VPOS="556"
                             HPOS="1348">the</String>
                     <SP WIDTH="19" VPOS="558" HPOS="1409"> </SP>
                     <String WC="0.84833335876464844"
                             CONTENT="Anthem"
                             HEIGHT="34"
                             WIDTH="158"
                             VPOS="558"
                             HPOS="1429">Anthem</String>
                     <SP WIDTH="20" VPOS="571" HPOS="1588"> </SP>
                     <String WC="0.94749999046325684"
                             CONTENT=",the"
                             HEIGHT="39"
                             WIDTH="70"
                             VPOS="559"
                             HPOS="1609">,the</String>
                     <SP WIDTH="20" VPOS="560" HPOS="1680"> </SP>
                     <String WC="0.86500000953674316"
                             CONTENT="Motet,"
                             HEIGHT="38"
                             WIDTH="129"
                             VPOS="560"
                             HPOS="1701">Motet,</String>
                     <SP WIDTH="18" VPOS="562" HPOS="1831"> </SP>
                     <String WC="1."
                             CONTENT="the"
                             HEIGHT="34"
                             WIDTH="61"
                             VPOS="558"
                             HPOS="1850">the</String>
                  </TextLine>
                  <TextLine HEIGHT="47" WIDTH="737" VPOS="605" HPOS="257">
                     <String WC="0.98000001907348633"
                             CONTENT="Canta,"
                             HEIGHT="41"
                             WIDTH="129"
                             VPOS="608"
                             HPOS="257">Canta,</String>
                     <SP WIDTH="22" VPOS="610" HPOS="386"> </SP>
                     <String WC="0.62000000476837158"
                             CONTENT="t"
                             HEIGHT="30"
                             WIDTH="16"
                             VPOS="610"
                             HPOS="409">t</String>
                     <SP WIDTH="19" VPOS="609" HPOS="426"> </SP>
                     <String WC="1."
                             CONTENT="he"
                             HEIGHT="31"
                             WIDTH="43"
                             VPOS="609"
                             HPOS="446">he</String>
                     <SP WIDTH="20" VPOS="609" HPOS="490"> </SP>
                     <String WC="0.84500002861022949"
                             CONTENT="Mass"
                             HEIGHT="33"
                             WIDTH="101"
                             VPOS="609"
                             HPOS="511">Mass</String>
                     <SP WIDTH="21" VPOS="619" HPOS="613"> </SP>
                     <String WC="1."
                             CONTENT="and"
                             HEIGHT="32"
                             WIDTH="73"
                             VPOS="609"
                             HPOS="635">and</String>
                     <SP WIDTH="20" VPOS="610" HPOS="709"> </SP>
                     <String WC="0.79000002145767212"
                             CONTENT="the"
                             HEIGHT="32"
                             WIDTH="59"
                             VPOS="610"
                             HPOS="730">the</String>
                     <SP WIDTH="21" VPOS="609" HPOS="790"> </SP>
                     <String WC="0.6644444465637207"
                             CONTENT="Oratorio."
                             HEIGHT="38"
                             WIDTH="183"
                             VPOS="607"
                             HPOS="811">Oratorio.</String>
                  </TextLine>
                  <TextLine HEIGHT="35" WIDTH="453" VPOS="663" HPOS="347">
                     <String WC="0.94333332777023315"
                             CONTENT="16."
                             HEIGHT="31"
                             WIDTH="50"
                             VPOS="665"
                             HPOS="347">16.</String>
                     <SP WIDTH="27" VPOS="664" HPOS="398"> </SP>
                     <String WC="0.9100000262260437"
                             CONTENT="What"
                             HEIGHT="32"
                             WIDTH="107"
                             VPOS="664"
                             HPOS="426">What</String>
                     <SP WIDTH="20" VPOS="665" HPOS="534"> </SP>
                     <String WC="1."
                             CONTENT="is"
                             HEIGHT="32"
                             WIDTH="29"
                             VPOS="665"
                             HPOS="555">is</String>
                     <SP WIDTH="19" VPOS="674" HPOS="585"> </SP>
                     <String WC="0.74000000953674316"
                             CONTENT="a"
                             HEIGHT="20"
                             WIDTH="22"
                             VPOS="676"
                             HPOS="605">a</String>
                     <SP WIDTH="18" VPOS="664" HPOS="628"> </SP>
                     <String WC="0.57428568601608276"
                             CONTENT="Choral?"
                             HEIGHT="33"
                             WIDTH="153"
                             VPOS="664"
                             HPOS="647">Choral?</String>
                  </TextLine>
                  <TextLine HEIGHT="60" WIDTH="1564" VPOS="715" HPOS="345">
                     <String WC="0.75"
                             CONTENT="A"
                             HEIGHT="30"
                             WIDTH="34"
                             VPOS="722"
                             HPOS="345">A</String>
                     <SP WIDTH="28" VPOS="722" HPOS="380"> </SP>
                     <String WC="0.74500000476837158"
                             CONTENT="simple"
                             HEIGHT="43"
                             WIDTH="128"
                             VPOS="721"
                             HPOS="409">simple</String>
                     <SP WIDTH="29" VPOS="732" HPOS="538"> </SP>
                     <String WC="0.8399999737739563"
                             CONTENT="sacred"
                             HEIGHT="34"
                             WIDTH="127"
                             VPOS="721"
                             HPOS="568">sacred</String>
                     <SP WIDTH="29" VPOS="722" HPOS="696"> </SP>
                     <String WC="1."
                             CONTENT="tune"
                             HEIGHT="31"
                             WIDTH="87"
                             VPOS="724"
                             HPOS="726">tune</String>
                     <SP WIDTH="29" VPOS="733" HPOS="814"> </SP>
                     <String WC="0.76499998569488525"
                             CONTENT="of"
                             HEIGHT="33"
                             WIDTH="41"
                             VPOS="722"
                             HPOS="844">of</String>
                     <SP WIDTH="28" VPOS="722" HPOS="886"> </SP>
                     <String WC="0.64666664600372314"
                             CONTENT="one"
                             HEIGHT="25"
                             WIDTH="67"
                             VPOS="732"
                             HPOS="915">one</String>
                     <SP WIDTH="28" VPOS="733" HPOS="983"> </SP>
                     <String WC="0.63999998569488525"
                             CONTENT="or"
                             HEIGHT="21"
                             WIDTH="41"
                             VPOS="733"
                             HPOS="1012">or</String>
                     <SP WIDTH="28" VPOS="734" HPOS="1054"> </SP>
                     <String WC="0.76249998807907104"
                             CONTENT="more"
                             HEIGHT="24"
                             WIDTH="99"
                             VPOS="733"
                             HPOS="1083">more</String>
                     <SP WIDTH="26" VPOS="733" HPOS="1183"> </SP>
                     <String WC="0.63499999046325684"
                             CONTENT="periods,"
                             HEIGHT="48"
                             WIDTH="160"
                             VPOS="723"
                             HPOS="1210">periods,</String>
                     <SP WIDTH="29" VPOS="725" HPOS="1371"> </SP>
                     <String WC="0.94249999523162842"
                             CONTENT="designed"
                             HEIGHT="46"
                             WIDTH="173"
                             VPOS="725"
                             HPOS="1401">designed</String>
                     <SP WIDTH="28" VPOS="727" HPOS="1575"> </SP>
                     <String WC="0.90499997138977051"
                             CONTENT="to"
                             HEIGHT="30"
                             WIDTH="38"
                             VPOS="731"
                             HPOS="1604">to</String>
                     <SP WIDTH="27" VPOS="727" HPOS="1643"> </SP>
                     <String WC="0.89999997615814209"
                             CONTENT="be"
                             HEIGHT="33"
                             WIDTH="44"
                             VPOS="727"
                             HPOS="1671">be</String>
                     <SP WIDTH="31" VPOS="737" HPOS="1716"> </SP>
                     <String WC="0.6524999737739563"
                             CONTENT="sung"
                             HEIGHT="36"
                             WIDTH="94"
                             VPOS="737"
                             HPOS="1748">sung</String>
                     <SP WIDTH="26" VPOS="727" HPOS="1843"> </SP>
                     <String WC="0.52499997615814209"
                             CONTENT="in"
                             HEIGHT="33"
                             WIDTH="39"
                             VPOS="727"
                             HPOS="1870">in</String>
                  </TextLine>
                  <TextLine HEIGHT="57" WIDTH="1152" VPOS="772" HPOS="259">
                     <String WC="1."
                             CONTENT="unison"
                             HEIGHT="34"
                             WIDTH="128"
                             VPOS="777"
                             HPOS="259">unison</String>
                     <SP WIDTH="18" VPOS="777" HPOS="388"> </SP>
                     <String WC="0.31000000238418579"
                             CONTENT="by"
                             HEIGHT="47"
                             WIDTH="48"
                             VPOS="777"
                             HPOS="407">by</String>
                     <SP WIDTH="17" VPOS="780" HPOS="456"> </SP>
                     <String WC="0.76999998092651367"
                             CONTENT="the"
                             HEIGHT="33"
                             WIDTH="60"
                             VPOS="777"
                             HPOS="474">the</String>
                     <SP WIDTH="20" VPOS="789" HPOS="535"> </SP>
                     <String WC="0.8308333158493042"
                             CONTENT="congregation"
                             HEIGHT="45"
                             WIDTH="261"
                             VPOS="777"
                             HPOS="556">congregation</String>
                     <SP WIDTH="18" VPOS="789" HPOS="818"> </SP>
                     <String WC="0.83499997854232788"
                             CONTENT="as"
                             HEIGHT="23"
                             WIDTH="38"
                             VPOS="789"
                             HPOS="837">as</String>
                     <SP WIDTH="20" VPOS="789" HPOS="876"> </SP>
                     <String WC="1."
                             CONTENT="an"
                             HEIGHT="21"
                             WIDTH="47"
                             VPOS="790"
                             HPOS="897">an</String>
                     <SP WIDTH="18" VPOS="790" HPOS="945"> </SP>
                     <String WC="0.36333334445953369"
                             CONTENT="act"
                             HEIGHT="32"
                             WIDTH="59"
                             VPOS="781"
                             HPOS="964">act</String>
                     <SP WIDTH="19" VPOS="781" HPOS="1024"> </SP>
                     <String WC="0.67500001192092896"
                             CONTENT="of"
                             HEIGHT="32"
                             WIDTH="40"
                             VPOS="779"
                             HPOS="1044">of</String>
                     <SP WIDTH="20" VPOS="779" HPOS="1085"> </SP>
                     <String WC="0.90499997138977051"
                             CONTENT="divine"
                             HEIGHT="34"
                             WIDTH="119"
                             VPOS="779"
                             HPOS="1106">divine</String>
                     <SP WIDTH="18" VPOS="792" HPOS="1226"> </SP>
                     <String WC="0.79874998331069946"
                             CONTENT="worship."
                             HEIGHT="43"
                             WIDTH="166"
                             VPOS="781"
                             HPOS="1245">worship.</String>
                  </TextLine>
                  <TextLine HEIGHT="36" WIDTH="439" VPOS="832" HPOS="348">
                     <String WC="0.66666668653488159"
                             CONTENT="17."
                             HEIGHT="30"
                             WIDTH="51"
                             VPOS="835"
                             HPOS="348">17.</String>
                     <SP WIDTH="27" VPOS="834" HPOS="400"> </SP>
                     <String WC="0.90499997138977051"
                             CONTENT="What"
                             HEIGHT="32"
                             WIDTH="106"
                             VPOS="834"
                             HPOS="428">What</String>
                     <SP WIDTH="20" VPOS="835" HPOS="535"> </SP>
                     <String WC="1."
                             CONTENT="is"
                             HEIGHT="32"
                             WIDTH="30"
                             VPOS="835"
                             HPOS="556">is</String>
                     <SP WIDTH="18" VPOS="844" HPOS="587"> </SP>
                     <String WC="0.99000000953674316"
                             CONTENT="a"
                             HEIGHT="21"
                             WIDTH="21"
                             VPOS="844"
                             HPOS="606">a</String>
                     <SP WIDTH="18" VPOS="834" HPOS="628"> </SP>
                     <String WC="0.73666667938232422"
                             CONTENT="Chant?"
                             HEIGHT="33"
                             WIDTH="140"
                             VPOS="834"
                             HPOS="647">Chant?</String>
                  </TextLine>
                  <TextLine HEIGHT="48" WIDTH="1495" VPOS="885" HPOS="345">
                     <String WC="0.79500001668930054"
                             CONTENT="It"
                             HEIGHT="32"
                             WIDTH="37"
                             VPOS="890"
                             HPOS="345">It</String>
                     <SP WIDTH="22" VPOS="892" HPOS="382"> </SP>
                     <String WC="0.79624998569488525"
                             CONTENT="consists"
                             HEIGHT="32"
                             WIDTH="154"
                             VPOS="890"
                             HPOS="404">consists</String>
                     <SP WIDTH="21" VPOS="900" HPOS="558"> </SP>
                     <String WC="0.38999998569488525"
                             CONTENT="of"
                             HEIGHT="31"
                             WIDTH="43"
                             VPOS="891"
                             HPOS="579">of</String>
                     <SP WIDTH="21" VPOS="891" HPOS="622"> </SP>
                     <String WC="0.57599997520446777"
                             CONTENT="words"
                             HEIGHT="34"
                             WIDTH="119"
                             VPOS="890"
                             HPOS="643">words</String>
                     <SP WIDTH="25" VPOS="901" HPOS="762"> </SP>
                     <String WC="0.81428569555282593"
                             CONTENT="recited"
                             HEIGHT="35"
                             WIDTH="138"
                             VPOS="891"
                             HPOS="787">recited</String>
                     <SP WIDTH="23" VPOS="892" HPOS="925"> </SP>
                     <String WC="0.62999999523162842"
                             CONTENT="to"
                             HEIGHT="32"
                             WIDTH="41"
                             VPOS="893"
                             HPOS="948">to</String>
                     <SP WIDTH="21" VPOS="903" HPOS="989"> </SP>
                     <String WC="0.93714284896850586"
                             CONTENT="musical"
                             HEIGHT="33"
                             WIDTH="152"
                             VPOS="892"
                             HPOS="1010">musical</String>
                     <SP WIDTH="23" VPOS="892" HPOS="1162"> </SP>
                     <String WC="0.89399999380111694"
                             CONTENT="tones"
                             HEIGHT="33"
                             WIDTH="104"
                             VPOS="895"
                             HPOS="1185">tones</String>
                     <SP WIDTH="23" VPOS="905" HPOS="1289"> </SP>
                     <String WC="0.93285715579986572"
                             CONTENT="without"
                             HEIGHT="34"
                             WIDTH="153"
                             VPOS="894"
                             HPOS="1312">without</String>
                     <SP WIDTH="24" VPOS="898" HPOS="1465"> </SP>
                     <String WC="0.78857141733169556"
                             CONTENT="musical"
                             HEIGHT="34"
                             WIDTH="152"
                             VPOS="896"
                             HPOS="1489">musical</String>
                     <SP WIDTH="23" VPOS="897" HPOS="1641"> </SP>
                     <String WC="0.85750001668930054"
                             CONTENT="measure."
                             HEIGHT="30"
                             WIDTH="176"
                             VPOS="901"
                             HPOS="1664">measure.</String>
                  </TextLine>
                  <TextLine HEIGHT="37" WIDTH="495" VPOS="943" HPOS="347">
                     <String WC="0.90333330631256104"
                             CONTENT="18."
                             HEIGHT="31"
                             WIDTH="51"
                             VPOS="946"
                             HPOS="347">18.</String>
                     <SP WIDTH="23" VPOS="945" HPOS="399"> </SP>
                     <String WC="0.86750000715255737"
                             CONTENT="What"
                             HEIGHT="34"
                             WIDTH="111"
                             VPOS="945"
                             HPOS="423">What</String>
                     <SP WIDTH="18" VPOS="946" HPOS="535"> </SP>
                     <String WC="0.77499997615814209"
                             CONTENT="is"
                             HEIGHT="32"
                             WIDTH="30"
                             VPOS="946"
                             HPOS="554">is</String>
                     <SP WIDTH="19" VPOS="956" HPOS="585"> </SP>
                     <String WC="0.37000000476837158"
                             CONTENT="a"
                             HEIGHT="20"
                             WIDTH="20"
                             VPOS="956"
                             HPOS="605">a</String>
                     <SP WIDTH="19" VPOS="946" HPOS="626"> </SP>
                     <String WC="0.88333332538604736"
                             CONTENT="Sentence?"
                             HEIGHT="34"
                             WIDTH="196"
                             VPOS="945"
                             HPOS="646">Sentence?</String>
                  </TextLine>
                  <TextLine HEIGHT="56" WIDTH="1565" VPOS="997" HPOS="343">
                     <String WC="1."
                             CONTENT="A"
                             HEIGHT="31"
                             WIDTH="36"
                             VPOS="1002"
                             HPOS="343">A</String>
                     <SP WIDTH="33" VPOS="1002" HPOS="379"> </SP>
                     <String WC="0.55400002002716064"
                             CONTENT="short"
                             HEIGHT="34"
                             WIDTH="103"
                             VPOS="1002"
                             HPOS="412">short</String>
                     <SP WIDTH="32" VPOS="1003" HPOS="515"> </SP>
                     <String WC="0.76499998569488525"
                             CONTENT="Scriptural"
                             HEIGHT="44"
                             WIDTH="209"
                             VPOS="1002"
                             HPOS="547">Scriptural</String>
                     <SP WIDTH="31" VPOS="1003" HPOS="756"> </SP>
                     <String WC="0.81000000238418579"
                             CONTENT="text"
                             HEIGHT="33"
                             WIDTH="79"
                             VPOS="1003"
                             HPOS="787">text</String>
                     <SP WIDTH="33" VPOS="1004" HPOS="866"> </SP>
                     <String WC="1."
                             CONTENT="set"
                             HEIGHT="31"
                             WIDTH="56"
                             VPOS="1006"
                             HPOS="899">set</String>
                     <SP WIDTH="31" VPOS="1006" HPOS="955"> </SP>
                     <String WC="1."
                             CONTENT="to"
                             HEIGHT="30"
                             WIDTH="39"
                             VPOS="1006"
                             HPOS="986">to</String>
                     <SP WIDTH="32" VPOS="1013" HPOS="1026"> </SP>
                     <String WC="0.75666666030883789"
                             CONTENT="music."
                             HEIGHT="33"
                             WIDTH="125"
                             VPOS="1004"
                             HPOS="1058">music.</String>
                     <SP WIDTH="57" VPOS="1004" HPOS="1183"> </SP>
                     <String WC="0.89499998092651367"
                             CONTENT="It"
                             HEIGHT="32"
                             WIDTH="36"
                             VPOS="1006"
                             HPOS="1240">It</String>
                     <SP WIDTH="33" VPOS="1008" HPOS="1276"> </SP>
                     <String WC="0.83833330869674683"
                             CONTENT="seldom"
                             HEIGHT="34"
                             WIDTH="137"
                             VPOS="1005"
                             HPOS="1309">seldom</String>
                     <SP WIDTH="33" VPOS="1017" HPOS="1447"> </SP>
                     <String WC="0.81000000238418579"
                             CONTENT="extends"
                             HEIGHT="34"
                             WIDTH="151"
                             VPOS="1006"
                             HPOS="1480">extends</String>
                     <SP WIDTH="33" VPOS="1008" HPOS="1631"> </SP>
                     <String WC="0.81999999284744263"
                             CONTENT="beyond"
                             HEIGHT="45"
                             WIDTH="143"
                             VPOS="1007"
                             HPOS="1664">beyond</String>
                     <SP WIDTH="32" VPOS="1009" HPOS="1808"> </SP>
                     <String WC="0.73666667938232422"
                             CONTENT="one"
                             HEIGHT="21"
                             WIDTH="67"
                             VPOS="1018"
                             HPOS="1841">one</String>
                  </TextLine>
                  <TextLine HEIGHT="47" WIDTH="311" VPOS="1057" HPOS="255">
                     <String WC="0.4050000011920929"
                             CONTENT="or"
                             HEIGHT="24"
                             WIDTH="40"
                             VPOS="1067"
                             HPOS="255">or</String>
                     <SP WIDTH="18" VPOS="1060" HPOS="296"> </SP>
                     <String WC="0.95666664838790894"
                             CONTENT="two"
                             HEIGHT="31"
                             WIDTH="73"
                             VPOS="1060"
                             HPOS="315">two</String>
                     <SP WIDTH="16" VPOS="1068" HPOS="389"> </SP>
                     <String WC="0.84874999523162842"
                             CONTENT="periods."
                             HEIGHT="46"
                             WIDTH="160"
                             VPOS="1057"
                             HPOS="406">periods.</String>
                  </TextLine>
                  <TextLine HEIGHT="37" WIDTH="433" VPOS="1111" HPOS="346">
                     <String WC="1."
                             CONTENT="19."
                             HEIGHT="29"
                             WIDTH="50"
                             VPOS="1116"
                             HPOS="346">19.</String>
                     <SP WIDTH="28" VPOS="1115" HPOS="397"> </SP>
                     <String WC="0.90750002861022949"
                             CONTENT="What"
                             HEIGHT="33"
                             WIDTH="105"
                             VPOS="1113"
                             HPOS="426">What</String>
                     <SP WIDTH="23" VPOS="1114" HPOS="532"> </SP>
                     <String WC="0.93000000715255737"
                             CONTENT="is"
                             HEIGHT="31"
                             WIDTH="31"
                             VPOS="1114"
                             HPOS="556">is</String>
                     <SP WIDTH="23" VPOS="1124" HPOS="588"> </SP>
                     <String WC="0.12999999523162842"
                             CONTENT="a"
                             HEIGHT="19"
                             WIDTH="22"
                             VPOS="1126"
                             HPOS="612">a</String>
                     <SP WIDTH="20" VPOS="1115" HPOS="635"> </SP>
                     <String WC="1."
                             CONTENT="Mass?"
                             HEIGHT="33"
                             WIDTH="123"
                             VPOS="1114"
                             HPOS="656">Mass?</String>
                  </TextLine>
                  <TextLine HEIGHT="56" WIDTH="1567" VPOS="1164" HPOS="343">
                     <String WC="1."
                             CONTENT="A"
                             HEIGHT="32"
                             WIDTH="35"
                             VPOS="1170"
                             HPOS="343">A</String>
                     <SP WIDTH="32" VPOS="1170" HPOS="378"> </SP>
                     <String WC="0.76999998092651367"
                             CONTENT="sacred"
                             HEIGHT="34"
                             WIDTH="129"
                             VPOS="1169"
                             HPOS="410">sacred</String>
                     <SP WIDTH="31" VPOS="1169" HPOS="539"> </SP>
                     <String WC="0.75909090042114258"
                             CONTENT="composition"
                             HEIGHT="45"
                             WIDTH="240"
                             VPOS="1170"
                             HPOS="570">composition</String>
                     <SP WIDTH="34" VPOS="1171" HPOS="810"> </SP>
                     <String WC="0.40666666626930237"
                             CONTENT="for"
                             HEIGHT="34"
                             WIDTH="60"
                             VPOS="1170"
                             HPOS="844">for</String>
                     <SP WIDTH="31" VPOS="1182" HPOS="904"> </SP>
                     <String WC="0.74166667461395264"
                             CONTENT="voices"
                             HEIGHT="34"
                             WIDTH="118"
                             VPOS="1171"
                             HPOS="936">voices</String>
                     <SP WIDTH="31" VPOS="1182" HPOS="1054"> </SP>
                     <String WC="0.85500001907348633"
                             CONTENT="with"
                             HEIGHT="33"
                             WIDTH="87"
                             VPOS="1172"
                             HPOS="1086">with</String>
                     <SP WIDTH="32" VPOS="1172" HPOS="1173"> </SP>
                     <String WC="0.64153844118118286"
                             CONTENT="accompaniment"
                             HEIGHT="45"
                             WIDTH="312"
                             VPOS="1172"
                             HPOS="1205">accompaniment</String>
                     <SP WIDTH="33" VPOS="1175" HPOS="1517"> </SP>
                     <String WC="0.7850000262260437"
                             CONTENT="in"
                             HEIGHT="32"
                             WIDTH="36"
                             VPOS="1175"
                             HPOS="1550">in</String>
                     <SP WIDTH="31" VPOS="1185" HPOS="1586"> </SP>
                     <String WC="0.86857140064239502"
                             CONTENT="several"
                             HEIGHT="34"
                             WIDTH="141"
                             VPOS="1174"
                             HPOS="1618">several</String>
                     <SP WIDTH="30" VPOS="1175" HPOS="1759"> </SP>
                     <String WC="0.95499998331069946"
                             CONTENT="move"
                             HEIGHT="22"
                             WIDTH="102"
                             VPOS="1184"
                             HPOS="1789"
                             SUBS_TYPE="HypPart1"
                             SUBS_CONTENT="movements,">move</String>
                     <HYP CONTENT="­"/>
                  </TextLine>
                  <TextLine HEIGHT="56" WIDTH="1453" VPOS="1220" HPOS="253">
                     <String WC="0.74166667461395264"
                             CONTENT="ments,"
                             HEIGHT="39"
                             WIDTH="129"
                             VPOS="1227"
                             HPOS="253"
                             SUBS_TYPE="HypPart2"
                             SUBS_CONTENT="movements,">ments,</String>
                     <SP WIDTH="21" VPOS="1236" HPOS="383"> </SP>
                     <String WC="0.82777780294418335"
                             CONTENT="performed"
                             HEIGHT="46"
                             WIDTH="214"
                             VPOS="1225"
                             HPOS="405">performed</String>
                     <SP WIDTH="23" VPOS="1225" HPOS="620"> </SP>
                     <String WC="0.9649999737739563"
                             CONTENT="at"
                             HEIGHT="30"
                             WIDTH="38"
                             VPOS="1228"
                             HPOS="644">at</String>
                     <SP WIDTH="24" VPOS="1228" HPOS="683"> </SP>
                     <String WC="0.79666668176651001"
                             CONTENT="the"
                             HEIGHT="32"
                             WIDTH="59"
                             VPOS="1227"
                             HPOS="708">the</String>
                     <SP WIDTH="24" VPOS="1237" HPOS="768"> </SP>
                     <String WC="0.62416666746139526"
                             CONTENT="celebrations"
                             HEIGHT="37"
                             WIDTH="239"
                             VPOS="1225"
                             HPOS="793">celebrations</String>
                     <SP WIDTH="24" VPOS="1229" HPOS="1033"> </SP>
                     <String WC="0.51999998092651367"
                             CONTENT="in"
                             HEIGHT="29"
                             WIDTH="35"
                             VPOS="1229"
                             HPOS="1058">in</String>
                     <SP WIDTH="25" VPOS="1230" HPOS="1094"> </SP>
                     <String WC="0.83666664361953735"
                             CONTENT="the"
                             HEIGHT="34"
                             WIDTH="59"
                             VPOS="1227"
                             HPOS="1120">the</String>
                     <SP WIDTH="26" VPOS="1228" HPOS="1180"> </SP>
                     <String WC="0.55800002813339233"
                             CONTENT="Roman"
                             HEIGHT="33"
                             WIDTH="140"
                             VPOS="1228"
                             HPOS="1207">Roman</String>
                     <SP WIDTH="26" VPOS="1229" HPOS="1348"> </SP>
                     <String WC="0.64375001192092896"
                             CONTENT="Catholic"
                             HEIGHT="34"
                             WIDTH="163"
                             VPOS="1229"
                             HPOS="1375">Catholic</String>
                     <SP WIDTH="24" VPOS="1240" HPOS="1539"> </SP>
                     <String WC="0.60285717248916626"
                             CONTENT="church."
                             HEIGHT="33"
                             WIDTH="142"
                             VPOS="1229"
                             HPOS="1564">church.</String>
                  </TextLine>
                  <TextLine HEIGHT="38" WIDTH="442" VPOS="1279" HPOS="342">
                     <String WC="0.39333334565162659"
                             CONTENT="20."
                             HEIGHT="31"
                             WIDTH="54"
                             VPOS="1283"
                             HPOS="342">20.</String>
                     <SP WIDTH="22" VPOS="1282" HPOS="397"> </SP>
                     <String WC="0.83749997615814209"
                             CONTENT="What"
                             HEIGHT="32"
                             WIDTH="113"
                             VPOS="1282"
                             HPOS="420">What</String>
                     <SP WIDTH="17" VPOS="1283" HPOS="534"> </SP>
                     <String WC="0.72500002384185791"
                             CONTENT="is"
                             HEIGHT="32"
                             WIDTH="30"
                             VPOS="1283"
                             HPOS="552">is</String>
                     <SP WIDTH="21" VPOS="1292" HPOS="583"> </SP>
                     <String WC="1."
                             CONTENT="a"
                             HEIGHT="21"
                             WIDTH="20"
                             VPOS="1292"
                             HPOS="605">a</String>
                     <SP WIDTH="18" VPOS="1282" HPOS="626"> </SP>
                     <String WC="0.93999999761581421"
                             CONTENT="Canta?"
                             HEIGHT="35"
                             WIDTH="139"
                             VPOS="1281"
                             HPOS="645">Canta?</String>
                  </TextLine>
                  <TextLine HEIGHT="58" WIDTH="1564" VPOS="1331" HPOS="345">
                     <String WC="1."
                             CONTENT="A"
                             HEIGHT="32"
                             WIDTH="34"
                             VPOS="1339"
                             HPOS="345">A</String>
                     <SP WIDTH="33" VPOS="1339" HPOS="380"> </SP>
                     <String WC="0.71090906858444214"
                             CONTENT="composition"
                             HEIGHT="46"
                             WIDTH="240"
                             VPOS="1336"
                             HPOS="414">composition</String>
                     <SP WIDTH="35" VPOS="1338" HPOS="655"> </SP>
                     <String WC="0.57999998331069946"
                             CONTENT="for"
                             HEIGHT="31"
                             WIDTH="59"
                             VPOS="1339"
                             HPOS="691">for</String>
                     <SP WIDTH="31" VPOS="1349" HPOS="751"> </SP>
                     <String WC="0.87666666507720947"
                             CONTENT="voices"
                             HEIGHT="35"
                             WIDTH="116"
                             VPOS="1338"
                             HPOS="783">voices</String>
                     <SP WIDTH="32" VPOS="1349" HPOS="900"> </SP>
                     <String WC="0.9100000262260437"
                             CONTENT="with"
                             HEIGHT="35"
                             WIDTH="86"
                             VPOS="1337"
                             HPOS="933">with</String>
                     <SP WIDTH="33" VPOS="1339" HPOS="1020"> </SP>
                     <String WC="0.74461537599563599"
                             CONTENT="accompaniment"
                             HEIGHT="42"
                             WIDTH="311"
                             VPOS="1340"
                             HPOS="1054">accompaniment</String>
                     <SP WIDTH="33" VPOS="1344" HPOS="1366"> </SP>
                     <String WC="0.85000002384185791"
                             CONTENT="consisting"
                             HEIGHT="42"
                             WIDTH="200"
                             VPOS="1342"
                             HPOS="1400">consisting</String>
                     <SP WIDTH="31" VPOS="1352" HPOS="1601"> </SP>
                     <String WC="0.79500001668930054"
                             CONTENT="of"
                             HEIGHT="32"
                             WIDTH="41"
                             VPOS="1341"
                             HPOS="1633">of</String>
                     <SP WIDTH="33" VPOS="1341" HPOS="1675"> </SP>
                     <String WC="0.74400001764297485"
                             CONTENT="solos"
                             HEIGHT="34"
                             WIDTH="94"
                             VPOS="1341"
                             HPOS="1709">solos</String>
                     <SP WIDTH="33" VPOS="1352" HPOS="1804"> </SP>
                     <String WC="1."
                             CONTENT="and"
                             HEIGHT="33"
                             WIDTH="71"
                             VPOS="1341"
                             HPOS="1838">and</String>
                  </TextLine>
                  <TextLine HEIGHT="35" WIDTH="180" VPOS="1393" HPOS="254">
                     <String WC="0.64888888597488403"
                             CONTENT="choruses."
                             HEIGHT="35"
                             WIDTH="180"
                             VPOS="1393"
                             HPOS="254">choruses.</String>
                  </TextLine>
                  <TextLine HEIGHT="38" WIDTH="427" VPOS="1448" HPOS="339">
                     <String WC="0.56999999284744263"
                             CONTENT="21."
                             HEIGHT="30"
                             WIDTH="54"
                             VPOS="1452"
                             HPOS="339">21.</String>
                     <SP WIDTH="26" VPOS="1451" HPOS="394"> </SP>
                     <String WC="1."
                             CONTENT="What"
                             HEIGHT="32"
                             WIDTH="107"
                             VPOS="1451"
                             HPOS="421">What</String>
                     <SP WIDTH="25" VPOS="1451" HPOS="529"> </SP>
                     <String WC="0.85500001907348633"
                             CONTENT="is"
                             HEIGHT="32"
                             WIDTH="30"
                             VPOS="1451"
                             HPOS="555">is</String>
                     <SP WIDTH="23" VPOS="1461" HPOS="586"> </SP>
                     <String WC="0.56000000238418579"
                             CONTENT="a"
                             HEIGHT="20"
                             WIDTH="23"
                             VPOS="1462"
                             HPOS="610">a</String>
                     <SP WIDTH="23" VPOS="1451" HPOS="634"> </SP>
                     <String WC="0.62999999523162842"
                             CONTENT="Glee?"
                             HEIGHT="35"
                             WIDTH="108"
                             VPOS="1450"
                             HPOS="658">Glee?</String>
                  </TextLine>
                  <TextLine HEIGHT="59" WIDTH="1565" VPOS="1501" HPOS="343">
                     <String WC="1."
                             CONTENT="A"
                             HEIGHT="31"
                             WIDTH="33"
                             VPOS="1507"
                             HPOS="343">A</String>
                     <SP WIDTH="27" VPOS="1507" HPOS="377"> </SP>
                     <String WC="0.84454548358917236"
                             CONTENT="composition"
                             HEIGHT="43"
                             WIDTH="239"
                             VPOS="1507"
                             HPOS="405">composition</String>
                     <SP WIDTH="26" VPOS="1518" HPOS="645"> </SP>
                     <String WC="0.27500000596046448"
                             CONTENT="of"
                             HEIGHT="32"
                             WIDTH="40"
                             VPOS="1508"
                             HPOS="672">of</String>
                     <SP WIDTH="27" VPOS="1508" HPOS="713"> </SP>
                     <String WC="0.8880000114440918"
                             CONTENT="three"
                             HEIGHT="33"
                             WIDTH="100"
                             VPOS="1508"
                             HPOS="741">three</String>
                     <SP WIDTH="27" VPOS="1518" HPOS="842"> </SP>
                     <String WC="0.73500001430511475"
                             CONTENT="or"
                             HEIGHT="22"
                             WIDTH="42"
                             VPOS="1517"
                             HPOS="870">or</String>
                     <SP WIDTH="24" VPOS="1518" HPOS="913"> </SP>
                     <String WC="0.67250001430511475"
                             CONTENT="more"
                             HEIGHT="24"
                             WIDTH="100"
                             VPOS="1517"
                             HPOS="938">more</String>
                     <SP WIDTH="26" VPOS="1518" HPOS="1039"> </SP>
                     <String WC="0.70857143402099609"
                             CONTENT="voices,"
                             HEIGHT="41"
                             WIDTH="129"
                             VPOS="1507"
                             HPOS="1066">voices,</String>
                     <SP WIDTH="26" VPOS="1519" HPOS="1196"> </SP>
                     <String WC="0.86888891458511353"
                             CONTENT="generally"
                             HEIGHT="45"
                             WIDTH="186"
                             VPOS="1508"
                             HPOS="1223">generally</String>
                     <SP WIDTH="25" VPOS="1519" HPOS="1410"> </SP>
                     <String WC="0.62999999523162842"
                             CONTENT="of"
                             HEIGHT="31"
                             WIDTH="40"
                             VPOS="1509"
                             HPOS="1436">of</String>
                     <SP WIDTH="28" VPOS="1509" HPOS="1477"> </SP>
                     <String WC="1."
                             CONTENT="a"
                             HEIGHT="20"
                             WIDTH="20"
                             VPOS="1521"
                             HPOS="1506">a</String>
                     <SP WIDTH="24" VPOS="1510" HPOS="1527"> </SP>
                     <String WC="0.69499999284744263"
                             CONTENT="high"
                             HEIGHT="42"
                             WIDTH="84"
                             VPOS="1510"
                             HPOS="1552">high</String>
                     <SP WIDTH="28" VPOS="1510" HPOS="1637"> </SP>
                     <String WC="1."
                             CONTENT="and"
                             HEIGHT="31"
                             WIDTH="71"
                             VPOS="1509"
                             HPOS="1666">and</String>
                     <SP WIDTH="27" VPOS="1509" HPOS="1738"> </SP>
                     <String WC="0.59714287519454956"
                             CONTENT="secular"
                             HEIGHT="34"
                             WIDTH="142"
                             VPOS="1509"
                             HPOS="1766">secular</String>
                  </TextLine>
                  <TextLine HEIGHT="57" WIDTH="966" VPOS="1557" HPOS="252">
                     <String WC="0.68699997663497925"
                             CONTENT="character."
                             HEIGHT="35"
                             WIDTH="199"
                             VPOS="1563"
                             HPOS="252">character.</String>
                     <SP WIDTH="57" VPOS="1564" HPOS="452"> </SP>
                     <String WC="0.77999997138977051"
                             CONTENT="It"
                             HEIGHT="34"
                             WIDTH="36"
                             VPOS="1563"
                             HPOS="510">It</String>
                     <SP WIDTH="31" VPOS="1565" HPOS="547"> </SP>
                     <String WC="0.89999997615814209"
                             CONTENT="is"
                             HEIGHT="31"
                             WIDTH="30"
                             VPOS="1565"
                             HPOS="579">is</String>
                     <SP WIDTH="31" VPOS="1573" HPOS="610"> </SP>
                     <String WC="0.56999999284744263"
                             CONTENT="of"
                             HEIGHT="34"
                             WIDTH="42"
                             VPOS="1563"
                             HPOS="642">of</String>
                     <SP WIDTH="31" VPOS="1564" HPOS="685"> </SP>
                     <String WC="0.77333331108093262"
                             CONTENT="modern"
                             HEIGHT="34"
                             WIDTH="151"
                             VPOS="1563"
                             HPOS="717">modern</String>
                     <SP WIDTH="33" VPOS="1565" HPOS="869"> </SP>
                     <String WC="0.81428569555282593"
                             CONTENT="English"
                             HEIGHT="45"
                             WIDTH="152"
                             VPOS="1563"
                             HPOS="903">English</String>
                     <SP WIDTH="33" VPOS="1564" HPOS="1056"> </SP>
                     <String WC="0.84285712242126465"
                             CONTENT="origin."
                             HEIGHT="43"
                             WIDTH="128"
                             VPOS="1564"
                             HPOS="1090">origin.</String>
                  </TextLine>
                  <TextLine HEIGHT="48" WIDTH="446" VPOS="1616" HPOS="341">
                     <String WC="0.97666668891906738"
                             CONTENT="22."
                             HEIGHT="31"
                             WIDTH="53"
                             VPOS="1621"
                             HPOS="341">22.</String>
                     <SP WIDTH="28" VPOS="1620" HPOS="395"> </SP>
                     <String WC="1."
                             CONTENT="What"
                             HEIGHT="32"
                             WIDTH="106"
                             VPOS="1619"
                             HPOS="424">What</String>
                     <SP WIDTH="17" VPOS="1620" HPOS="531"> </SP>
                     <String WC="0.5"
                             CONTENT="is"
                             HEIGHT="32"
                             WIDTH="31"
                             VPOS="1620"
                             HPOS="549">is</String>
                     <SP WIDTH="17" VPOS="1630" HPOS="581"> </SP>
                     <String WC="0.15999999642372131"
                             CONTENT="a"
                             HEIGHT="19"
                             WIDTH="22"
                             VPOS="1631"
                             HPOS="599">a</String>
                     <SP WIDTH="16" VPOS="1620" HPOS="622"> </SP>
                     <String WC="0.79199999570846558"
                             CONTENT="Hymn?"
                             HEIGHT="44"
                             WIDTH="148"
                             VPOS="1619"
                             HPOS="639">Hymn?</String>
                  </TextLine>
                  <TextLine HEIGHT="59" WIDTH="1438" VPOS="1669" HPOS="340">
                     <String WC="1."
                             CONTENT="A"
                             HEIGHT="32"
                             WIDTH="35"
                             VPOS="1676"
                             HPOS="341">A</String>
                     <SP WIDTH="20" VPOS="1676" HPOS="376"> </SP>
                     <String WC="0.84500002861022949"
                             CONTENT="song"
                             HEIGHT="35"
                             WIDTH="93"
                             VPOS="1685"
                             HPOS="395">song</String>
                     <SP WIDTH="19" VPOS="1686" HPOS="487"> </SP>
                     <String WC="0.86533331871032715"
                             CONTENT="of*thanksgiving"
                             HEIGHT="48"
                             WIDTH="320"
                             VPOS="1674"
                             HPOS="505">of*thanksgiving</String>
                     <SP WIDTH="18" VPOS="1679" HPOS="824"> </SP>
                     <String WC="0.70499998331069946"
                             CONTENT="to"
                             HEIGHT="30"
                             WIDTH="40"
                             VPOS="1679"
                             HPOS="842">to</String>
                     <SP WIDTH="20" VPOS="1676" HPOS="882"> </SP>
                     <String WC="0.81749999523162842"
                             CONTENT="God."
                             HEIGHT="36"
                             WIDTH="92"
                             VPOS="1675"
                             HPOS="902">God.</String>
                     <SP WIDTH="44" VPOS="1677" HPOS="994"> </SP>
                     <String WC="1."
                             CONTENT="A"
                             HEIGHT="31"
                             WIDTH="34"
                             VPOS="1677"
                             HPOS="1038">A</String>
                     <SP WIDTH="20" VPOS="1677" HPOS="1072"> </SP>
                     <String WC="0.6679999828338623"
                             CONTENT="choir"
                             HEIGHT="31"
                             WIDTH="100"
                             VPOS="1677"
                             HPOS="1092">choir</String>
                     <SP WIDTH="19" VPOS="1679" HPOS="1192"> </SP>
                     <String WC="1."
                             CONTENT="tune"
                             HEIGHT="30"
                             WIDTH="88"
                             VPOS="1679"
                             HPOS="1211">tune</String>
                     <SP WIDTH="21" VPOS="1688" HPOS="1299"> </SP>
                     <String WC="0.75"
                             CONTENT="of"
                             HEIGHT="30"
                             WIDTH="42"
                             VPOS="1678"
                             HPOS="1320">of</String>
                     <SP WIDTH="19" VPOS="1678" HPOS="1362"> </SP>
                     <String WC="0.85000002384185791"
                             CONTENT="one"
                             HEIGHT="21"
                             WIDTH="67"
                             VPOS="1688"
                             HPOS="1381">one</String>
                     <SP WIDTH="20" VPOS="1688" HPOS="1448"> </SP>
                     <String WC="0.68000000715255737"
                             CONTENT="or"
                             HEIGHT="22"
                             WIDTH="42"
                             VPOS="1688"
                             HPOS="1468">or</String>
                     <SP WIDTH="19" VPOS="1682" HPOS="1510"> </SP>
                     <String WC="1."
                             CONTENT="two"
                             HEIGHT="29"
                             WIDTH="72"
                             VPOS="1682"
                             HPOS="1529">two</String>
                     <SP WIDTH="21" VPOS="1689" HPOS="1600"> </SP>
                     <String WC="0.92374998331069946"
                             CONTENT="periods."
                             HEIGHT="45"
                             WIDTH="158"
                             VPOS="1677"
                             HPOS="1620">periods.</String>
                  </TextLine>
                  <TextLine HEIGHT="39" WIDTH="433" VPOS="1728" HPOS="340">
                     <String WC="0.69333332777023315"
                             CONTENT="23."
                             HEIGHT="31"
                             WIDTH="54"
                             VPOS="1733"
                             HPOS="340">23.</String>
                     <SP WIDTH="27" VPOS="1733" HPOS="395"> </SP>
                     <String WC="1."
                             CONTENT="What"
                             HEIGHT="34"
                             WIDTH="105"
                             VPOS="1731"
                             HPOS="423">What</String>
                     <SP WIDTH="23" VPOS="1732" HPOS="529"> </SP>
                     <String WC="0.93999999761581421"
                             CONTENT="is"
                             HEIGHT="33"
                             WIDTH="32"
                             VPOS="1732"
                             HPOS="553">is</String>
                     <SP WIDTH="21" VPOS="1744" HPOS="586"> </SP>
                     <String WC="0.17000000178813934"
                             CONTENT="a"
                             HEIGHT="20"
                             WIDTH="22"
                             VPOS="1743"
                             HPOS="608">a</String>
                     <SP WIDTH="21" VPOS="1732" HPOS="631"> </SP>
                     <String WC="0.72600001096725464"
                             CONTENT="Duet?"
                             HEIGHT="34"
                             WIDTH="120"
                             VPOS="1731"
                             HPOS="653">Duet?</String>
                  </TextLine>
                  <TextLine HEIGHT="54" WIDTH="1247" VPOS="1783" HPOS="341">
                     <String WC="1."
                             CONTENT="A"
                             HEIGHT="31"
                             WIDTH="35"
                             VPOS="1789"
                             HPOS="341">A</String>
                     <SP WIDTH="28" VPOS="1789" HPOS="377"> </SP>
                     <String WC="0.86400002241134644"
                             CONTENT="piece"
                             HEIGHT="43"
                             WIDTH="102"
                             VPOS="1789"
                             HPOS="406">piece</String>
                     <SP WIDTH="27" VPOS="1800" HPOS="509"> </SP>
                     <String WC="0.58499997854232788"
                             CONTENT="of"
                             HEIGHT="32"
                             WIDTH="40"
                             VPOS="1789"
                             HPOS="537">of</String>
                     <SP WIDTH="27" VPOS="1789" HPOS="578"> </SP>
                     <String WC="0.82200002670288086"
                             CONTENT="music"
                             HEIGHT="33"
                             WIDTH="114"
                             VPOS="1789"
                             HPOS="606">music</String>
                     <SP WIDTH="28" VPOS="1799" HPOS="721"> </SP>
                     <String WC="0.73571425676345825"
                             CONTENT="written"
                             HEIGHT="35"
                             WIDTH="145"
                             VPOS="1787"
                             HPOS="750">written</String>
                     <SP WIDTH="31" VPOS="1789" HPOS="896"> </SP>
                     <String WC="0.58666664361953735"
                             CONTENT="for"
                             HEIGHT="34"
                             WIDTH="60"
                             VPOS="1788"
                             HPOS="928">for</String>
                     <SP WIDTH="27" VPOS="1791" HPOS="989"> </SP>
                     <String WC="0.67333334684371948"
                             CONTENT="two"
                             HEIGHT="32"
                             WIDTH="71"
                             VPOS="1790"
                             HPOS="1017">two</String>
                     <SP WIDTH="29" VPOS="1799" HPOS="1089"> </SP>
                     <String WC="0.86333334445953369"
                             CONTENT="voices"
                             HEIGHT="34"
                             WIDTH="116"
                             VPOS="1789"
                             HPOS="1119">voices</String>
                     <SP WIDTH="29" VPOS="1800" HPOS="1236"> </SP>
                     <String WC="0.41999998688697815"
                             CONTENT="or"
                             HEIGHT="21"
                             WIDTH="41"
                             VPOS="1800"
                             HPOS="1266">or</String>
                     <SP WIDTH="30" VPOS="1789" HPOS="1308"> </SP>
                     <String WC="0.77333331108093262"
                             CONTENT="instruments."
                             HEIGHT="33"
                             WIDTH="249"
                             VPOS="1789"
                             HPOS="1339">instruments.</String>
                  </TextLine>
                  <TextLine HEIGHT="37" WIDTH="419" VPOS="1842" HPOS="340">
                     <String WC="0.62666666507720947"
                             CONTENT="24."
                             HEIGHT="31"
                             WIDTH="54"
                             VPOS="1846"
                             HPOS="340">24.</String>
                     <SP WIDTH="27" VPOS="1846" HPOS="395"> </SP>
                     <String WC="1."
                             CONTENT="What"
                             HEIGHT="32"
                             WIDTH="106"
                             VPOS="1845"
                             HPOS="423">What</String>
                     <SP WIDTH="21" VPOS="1845" HPOS="530"> </SP>
                     <String WC="0.50499999523162842"
                             CONTENT="is"
                             HEIGHT="33"
                             WIDTH="31"
                             VPOS="1844"
                             HPOS="552">is</String>
                     <SP WIDTH="22" VPOS="1855" HPOS="584"> </SP>
                     <String WC="1."
                             CONTENT="a"
                             HEIGHT="20"
                             WIDTH="21"
                             VPOS="1855"
                             HPOS="607">a</String>
                     <SP WIDTH="24" VPOS="1846" HPOS="629"> </SP>
                     <String WC="0.74000000953674316"
                             CONTENT="Trio?"
                             HEIGHT="33"
                             WIDTH="105"
                             VPOS="1844"
                             HPOS="654">Trio?</String>
                  </TextLine>
                  <TextLine HEIGHT="54" WIDTH="1268" VPOS="1906" HPOS="343">
                     <String WC="1."
                             CONTENT="A"
                             HEIGHT="32"
                             WIDTH="36"
                             VPOS="1913"
                             HPOS="343">A</String>
                     <SP WIDTH="26" VPOS="1913" HPOS="380"> </SP>
                     <String WC="0.82999998331069946"
                             CONTENT="piece"
                             HEIGHT="43"
                             WIDTH="100"
                             VPOS="1913"
                             HPOS="407">piece</String>
                     <SP WIDTH="28" VPOS="1924" HPOS="508"> </SP>
                     <String WC="0.73500001430511475"
                             CONTENT="of"
                             HEIGHT="32"
                             WIDTH="41"
                             VPOS="1913"
                             HPOS="537">of</String>
                     <SP WIDTH="26" VPOS="1913" HPOS="579"> </SP>
                     <String WC="0.60799998044967651"
                             CONTENT="music"
                             HEIGHT="33"
                             WIDTH="113"
                             VPOS="1913"
                             HPOS="606">music</String>
                     <SP WIDTH="28" VPOS="1923" HPOS="720"> </SP>
                     <String WC="0.77428573369979858"
                             CONTENT="written"
                             HEIGHT="34"
                             WIDTH="147"
                             VPOS="1912"
                             HPOS="749">written</String>
                     <SP WIDTH="27" VPOS="1912" HPOS="897"> </SP>
                     <String WC="0.46666666865348816"
                             CONTENT="for"
                             HEIGHT="35"
                             WIDTH="60"
                             VPOS="1911"
                             HPOS="925">for</String>
                     <SP WIDTH="26" VPOS="1915" HPOS="986"> </SP>
                     <String WC="0.68599998950958252"
                             CONTENT="three"
                             HEIGHT="32"
                             WIDTH="101"
                             VPOS="1912"
                             HPOS="1013">three</String>
                     <SP WIDTH="28" VPOS="1923" HPOS="1115"> </SP>
                     <String WC="0.83499997854232788"
                             CONTENT="voices"
                             HEIGHT="35"
                             WIDTH="117"
                             VPOS="1912"
                             HPOS="1144">voices</String>
                     <SP WIDTH="29" VPOS="1923" HPOS="1262"> </SP>
                     <String WC="0.64499998092651367"
                             CONTENT="or"
                             HEIGHT="21"
                             WIDTH="41"
                             VPOS="1923"
                             HPOS="1292">or</String>
                     <SP WIDTH="27" VPOS="1913" HPOS="1334"> </SP>
                     <String WC="0.82249999046325684"
                             CONTENT="instruments."
                             HEIGHT="32"
                             WIDTH="249"
                             VPOS="1913"
                             HPOS="1362">instruments.</String>
                  </TextLine>
                  <TextLine HEIGHT="46" WIDTH="493" VPOS="1976" HPOS="337">
                     <String WC="0.76666665077209473"
                             CONTENT="25."
                             HEIGHT="33"
                             WIDTH="55"
                             VPOS="1980"
                             HPOS="337">25.</String>
                     <SP WIDTH="29" VPOS="1980" HPOS="392"> </SP>
                     <String WC="1."
                             CONTENT="What"
                             HEIGHT="33"
                             WIDTH="108"
                             VPOS="1980"
                             HPOS="421">What</String>
                     <SP WIDTH="21" VPOS="1980" HPOS="529"> </SP>
                     <String WC="1."
                             CONTENT="is"
                             HEIGHT="33"
                             WIDTH="33"
                             VPOS="1979"
                             HPOS="550">is</String>
                     <SP WIDTH="22" VPOS="1989" HPOS="583"> </SP>
                     <String WC="0.20000000298023224"
                             CONTENT="a"
                             HEIGHT="20"
                             WIDTH="22"
                             VPOS="1991"
                             HPOS="606">a</String>
                     <SP WIDTH="23" VPOS="1979" HPOS="629"> </SP>
                     <String WC="0.85500001907348633"
                             CONTENT="Quartet?"
                             HEIGHT="42"
                             WIDTH="178"
                             VPOS="1978"
                             HPOS="652">Quartet?</String>
                  </TextLine>
                  <TextLine HEIGHT="56" WIDTH="1249" VPOS="2039" HPOS="343">
                     <String WC="1."
                             CONTENT="A"
                             HEIGHT="32"
                             WIDTH="35"
                             VPOS="2047"
                             HPOS="343">A</String>
                     <SP WIDTH="23" VPOS="2047" HPOS="379"> </SP>
                     <String WC="0.83600002527236938"
                             CONTENT="piece"
                             HEIGHT="43"
                             WIDTH="101"
                             VPOS="2048"
                             HPOS="403">piece</String>
                     <SP WIDTH="23" VPOS="2059" HPOS="505"> </SP>
                     <String WC="0.72500002384185791"
                             CONTENT="of"
                             HEIGHT="33"
                             WIDTH="40"
                             VPOS="2047"
                             HPOS="529">of</String>
                     <SP WIDTH="23" VPOS="2046" HPOS="570"> </SP>
                     <String WC="0.70399999618530273"
                             CONTENT="music"
                             HEIGHT="34"
                             WIDTH="114"
                             VPOS="2047"
                             HPOS="594">music</String>
                     <SP WIDTH="25" VPOS="2057" HPOS="709"> </SP>
                     <String WC="0.81714284420013428"
                             CONTENT="written"
                             HEIGHT="32"
                             WIDTH="146"
                             VPOS="2047"
                             HPOS="735">written</String>
                     <SP WIDTH="26" VPOS="2047" HPOS="882"> </SP>
                     <String WC="0.58333331346511841"
                             CONTENT="for"
                             HEIGHT="33"
                             WIDTH="59"
                             VPOS="2047"
                             HPOS="909">for</String>
                     <SP WIDTH="27" VPOS="2047" HPOS="969"> </SP>
                     <String WC="0.69249999523162842"
                             CONTENT="four"
                             HEIGHT="32"
                             WIDTH="85"
                             VPOS="2046"
                             HPOS="997">four</String>
                     <SP WIDTH="24" VPOS="2056" HPOS="1083"> </SP>
                     <String WC="0.89666664600372314"
                             CONTENT="voices"
                             HEIGHT="34"
                             WIDTH="116"
                             VPOS="2046"
                             HPOS="1108">voices</String>
                     <SP WIDTH="25" VPOS="2056" HPOS="1225"> </SP>
                     <String WC="0.35499998927116394"
                             CONTENT="or"
                             HEIGHT="21"
                             WIDTH="40"
                             VPOS="2057"
                             HPOS="1251">or</String>
                     <SP WIDTH="26" VPOS="2047" HPOS="1292"> </SP>
                     <String WC="0.80000001192092896"
                             CONTENT="instruments"
                             HEIGHT="32"
                             WIDTH="237"
                             VPOS="2047"
                             HPOS="1319">instruments</String>
                     <SP WIDTH="26" VPOS="2057" HPOS="1557"> </SP>
                     <String WC="0.62000000476837158"
                             CONTENT="."
                             HEIGHT="9"
                             WIDTH="8"
                             VPOS="2070"
                             HPOS="1584">.</String>
                  </TextLine>
                  <TextLine HEIGHT="32" WIDTH="191" VPOS="2113" HPOS="981">
                     <String WC="0.82499998807907104"
                             CONTENT="METRE."
                             HEIGHT="32"
                             WIDTH="191"
                             VPOS="2113"
                             HPOS="981">METRE.</String>
                  </TextLine>
                  <TextLine HEIGHT="39" WIDTH="379" VPOS="2179" HPOS="343">
                     <String WC="1."
                             CONTENT="1."
                             HEIGHT="32"
                             WIDTH="29"
                             VPOS="2184"
                             HPOS="343">1.</String>
                     <SP WIDTH="27" VPOS="2184" HPOS="373"> </SP>
                     <String WC="0.89749997854232788"
                             CONTENT="What"
                             HEIGHT="34"
                             WIDTH="106"
                             VPOS="2182"
                             HPOS="401">What</String>
                     <SP WIDTH="20" VPOS="2183" HPOS="508"> </SP>
                     <String WC="0.81000000238418579"
                             CONTENT="is"
                             HEIGHT="32"
                             WIDTH="31"
                             VPOS="2183"
                             HPOS="529">is</String>
                     <SP WIDTH="18" VPOS="2183" HPOS="561"> </SP>
                     <String WC="0.66666668653488159"
                             CONTENT="Metre?"
                             HEIGHT="35"
                             WIDTH="142"
                             VPOS="2182"
                             HPOS="580">Metre?</String>
                  </TextLine>
                  <TextLine HEIGHT="63" WIDTH="1567" VPOS="2240" HPOS="340">
                     <String WC="0.83285713195800781"
                             CONTENT="Measure"
                             HEIGHT="34"
                             WIDTH="172"
                             VPOS="2251"
                             HPOS="340">Measure</String>
                     <SP WIDTH="24" VPOS="2262" HPOS="512"> </SP>
                     <String WC="0.84200000762939453"
                             CONTENT="verse"
                             HEIGHT="25"
                             WIDTH="102"
                             VPOS="2260"
                             HPOS="537">verse</String>
                     <SP WIDTH="24" VPOS="2261" HPOS="640"> </SP>
                     <String WC="0.77499997615814209"
                             CONTENT="arrangements"
                             HEIGHT="43"
                             WIDTH="275"
                             VPOS="2251"
                             HPOS="665">arrangements</String>
                     <SP WIDTH="26" VPOS="2260" HPOS="941"> </SP>
                     <String WC="0.45500001311302185"
                             CONTENT="of"
                             HEIGHT="33"
                             WIDTH="41"
                             VPOS="2249"
                             HPOS="968">of</String>
                     <SP WIDTH="23" VPOS="2249" HPOS="1010"> </SP>
                     <String WC="0.70375001430511475"
                             CONTENT="poetical"
                             HEIGHT="44"
                             WIDTH="158"
                             VPOS="2247"
                             HPOS="1034">poetical</String>
                     <SP WIDTH="25" VPOS="2247" HPOS="1193"> </SP>
                     <String WC="0.95999997854232788"
                             CONTENT="feet,"
                             HEIGHT="39"
                             WIDTH="86"
                             VPOS="2249"
                             HPOS="1219">feet,</String>
                     <SP WIDTH="25" VPOS="2259" HPOS="1306"> </SP>
                     <String WC="0.625"
                             CONTENT="or"
                             HEIGHT="21"
                             WIDTH="41"
                             VPOS="2259"
                             HPOS="1332">or</String>
                     <SP WIDTH="22" VPOS="2248" HPOS="1374"> </SP>
                     <String WC="0.67750000953674316"
                             CONTENT="long"
                             HEIGHT="44"
                             WIDTH="86"
                             VPOS="2248"
                             HPOS="1397">long</String>
                     <SP WIDTH="23" VPOS="2258" HPOS="1484"> </SP>
                     <String WC="1."
                             CONTENT="and"
                             HEIGHT="32"
                             WIDTH="73"
                             VPOS="2248"
                             HPOS="1508">and</String>
                     <SP WIDTH="26" VPOS="2248" HPOS="1582"> </SP>
                     <String WC="0.59600001573562622"
                             CONTENT="short"
                             HEIGHT="33"
                             WIDTH="101"
                             VPOS="2247"
                             HPOS="1609">short</String>
                     <SP WIDTH="25" VPOS="2248" HPOS="1711"> </SP>
                     <String WC="0.93777775764465332"
                             CONTENT="syllables"
                             HEIGHT="45"
                             WIDTH="170"
                             VPOS="2245"
                             HPOS="1737">syllables</String>
                  </TextLine>
                  <TextLine HEIGHT="52" WIDTH="955" VPOS="2309" HPOS="252">
                     <String WC="0.72000002861022949"
                             CONTENT="in"
                             HEIGHT="34"
                             WIDTH="37"
                             VPOS="2318"
                             HPOS="252">in</String>
                     <SP WIDTH="27" VPOS="2318" HPOS="290"> </SP>
                     <String WC="0.74166667461395264"
                             CONTENT="force;"
                             HEIGHT="40"
                             WIDTH="119"
                             VPOS="2318"
                             HPOS="318">force;</String>
                     <SP WIDTH="25" VPOS="2321" HPOS="438"> </SP>
                     <String WC="0.67000001668930054"
                             CONTENT="the"
                             HEIGHT="33"
                             WIDTH="61"
                             VPOS="2318"
                             HPOS="464">the</String>
                     <SP WIDTH="25" VPOS="2329" HPOS="526"> </SP>
                     <String WC="0.9309999942779541"
                             CONTENT="succession"
                             HEIGHT="36"
                             WIDTH="203"
                             VPOS="2316"
                             HPOS="552">succession</String>
                     <SP WIDTH="25" VPOS="2328" HPOS="756"> </SP>
                     <String WC="0.76499998569488525"
                             CONTENT="of"
                             HEIGHT="31"
                             WIDTH="41"
                             VPOS="2318"
                             HPOS="782">of</String>
                     <SP WIDTH="24" VPOS="2318" HPOS="824"> </SP>
                     <String WC="0.71571427583694458"
                             CONTENT="accents"
                             HEIGHT="34"
                             WIDTH="144"
                             VPOS="2318"
                             HPOS="849">accents</String>
                     <SP WIDTH="25" VPOS="2318" HPOS="994"> </SP>
                     <String WC="1."
                             CONTENT="in"
                             HEIGHT="30"
                             WIDTH="36"
                             VPOS="2318"
                             HPOS="1020">in</String>
                     <SP WIDTH="26" VPOS="2327" HPOS="1057"> </SP>
                     <String WC="0.66500002145767212"
                             CONTENT="music."
                             HEIGHT="34"
                             WIDTH="123"
                             VPOS="2314"
                             HPOS="1084">music.</String>
                  </TextLine>
                  <TextLine HEIGHT="46" WIDTH="627" VPOS="2379" HPOS="339">
                     <String WC="0.92500001192092896"
                             CONTENT="2."
                             HEIGHT="31"
                             WIDTH="32"
                             VPOS="2386"
                             HPOS="339">2.</String>
                     <SP WIDTH="28" VPOS="2386" HPOS="371"> </SP>
                     <String WC="0.94999998807907104"
                             CONTENT="What"
                             HEIGHT="33"
                             WIDTH="108"
                             VPOS="2385"
                             HPOS="399">What</String>
                     <SP WIDTH="17" VPOS="2386" HPOS="507"> </SP>
                     <String WC="0.75499999523162842"
                             CONTENT="is"
                             HEIGHT="34"
                             WIDTH="33"
                             VPOS="2385"
                             HPOS="524">is</String>
                     <SP WIDTH="18" VPOS="2386" HPOS="557"> </SP>
                     <String WC="0.73833334445953369"
                             CONTENT="lambic"
                             HEIGHT="35"
                             WIDTH="141"
                             VPOS="2384"
                             HPOS="575">lambic</String>
                     <SP WIDTH="19" VPOS="2396" HPOS="716"> </SP>
                     <String WC="0.76499998569488525"
                             CONTENT="or"
                             HEIGHT="22"
                             WIDTH="42"
                             VPOS="2395"
                             HPOS="735">or</String>
                     <SP WIDTH="17" VPOS="2385" HPOS="777"> </SP>
                     <String WC="0.57714283466339111"
                             CONTENT="Iambus?"
                             HEIGHT="38"
                             WIDTH="172"
                             VPOS="2383"
                             HPOS="794">Iambus?</String>
                  </TextLine>
                  <TextLine HEIGHT="65" WIDTH="1567" VPOS="2439" HPOS="342">
                     <String WC="1."
                             CONTENT="A"
                             HEIGHT="31"
                             WIDTH="35"
                             VPOS="2454"
                             HPOS="342">A</String>
                     <SP WIDTH="18" VPOS="2454" HPOS="378"> </SP>
                     <String WC="0.66750001907348633"
                             CONTENT="poetical"
                             HEIGHT="47"
                             WIDTH="160"
                             VPOS="2452"
                             HPOS="397">poetical</String>
                     <SP WIDTH="18" VPOS="2452" HPOS="558"> </SP>
                     <String WC="0.82666665315628052"
                             CONTENT="and"
                             HEIGHT="32"
                             WIDTH="72"
                             VPOS="2453"
                             HPOS="577">and</String>
                     <SP WIDTH="20" VPOS="2453" HPOS="650"> </SP>
                     <String WC="0.80124998092651367"
                             CONTENT="metrical"
                             HEIGHT="35"
                             WIDTH="165"
                             VPOS="2451"
                             HPOS="671">metrical</String>
                     <SP WIDTH="22" VPOS="2452" HPOS="837"> </SP>
                     <String WC="0.87599998712539673"
                             CONTENT="foot,"
                             HEIGHT="40"
                             WIDTH="91"
                             VPOS="2451"
                             HPOS="860">foot,</String>
                     <SP WIDTH="20" VPOS="2462" HPOS="952"> </SP>
                     <String WC="0.83099997043609619"
                             CONTENT="consisting"
                             HEIGHT="44"
                             WIDTH="200"
                             VPOS="2450"
                             HPOS="973">consisting</String>
                     <SP WIDTH="19" VPOS="2460" HPOS="1174"> </SP>
                     <String WC="0.38999998569488525"
                             CONTENT="of"
                             HEIGHT="34"
                             WIDTH="41"
                             VPOS="2449"
                             HPOS="1194">of</String>
                     <SP WIDTH="19" VPOS="2450" HPOS="1236"> </SP>
                     <String WC="0.75999999046325684"
                             CONTENT="one"
                             HEIGHT="24"
                             WIDTH="66"
                             VPOS="2460"
                             HPOS="1256">one</String>
                     <SP WIDTH="21" VPOS="2460" HPOS="1323"> </SP>
                     <String WC="0.73000001907348633"
                             CONTENT="short"
                             HEIGHT="32"
                             WIDTH="101"
                             VPOS="2450"
                             HPOS="1345">short</String>
                     <SP WIDTH="19" VPOS="2452" HPOS="1447"> </SP>
                     <String WC="0.88666665554046631"
                             CONTENT="not"
                             HEIGHT="31"
                             WIDTH="64"
                             VPOS="2451"
                             HPOS="1467">not</String>
                     <SP WIDTH="21" VPOS="2452" HPOS="1532"> </SP>
                     <String WC="0.83375000953674316"
                             CONTENT="accented"
                             HEIGHT="34"
                             WIDTH="172"
                             VPOS="2447"
                             HPOS="1554">accented</String>
                     <SP WIDTH="21" VPOS="2447" HPOS="1727"> </SP>
                     <String WC="1."
                             CONTENT="and"
                             HEIGHT="33"
                             WIDTH="72"
                             VPOS="2447"
                             HPOS="1749">and</String>
                     <SP WIDTH="20" VPOS="2447" HPOS="1822"> </SP>
                     <String WC="1."
                             CONTENT="one"
                             HEIGHT="23"
                             WIDTH="66"
                             VPOS="2457"
                             HPOS="1843">one</String>
                  </TextLine>
                  <TextLine HEIGHT="51" WIDTH="605" VPOS="2517" HPOS="251">
                     <String WC="0.7149999737739563"
                             CONTENT="long"
                             HEIGHT="46"
                             WIDTH="86"
                             VPOS="2520"
                             HPOS="251">long</String>
                     <SP WIDTH="31" VPOS="2531" HPOS="338"> </SP>
                     <String WC="0.81000000238418579"
                             CONTENT="accent"
                             HEIGHT="31"
                             WIDTH="127"
                             VPOS="2523"
                             HPOS="370">accent</String>
                     <SP WIDTH="30" VPOS="2522" HPOS="498"> </SP>
                     <String WC="0.64999997615814209"
                             CONTENT="in"
                             HEIGHT="33"
                             WIDTH="38"
                             VPOS="2521"
                             HPOS="529">in</String>
                     <SP WIDTH="29" VPOS="2523" HPOS="568"> </SP>
                     <String WC="0.63999998569488525"
                             CONTENT="the"
                             HEIGHT="32"
                             WIDTH="61"
                             VPOS="2520"
                             HPOS="598">the</String>
                     <SP WIDTH="33" VPOS="2530" HPOS="660"> </SP>
                     <String WC="0.84888887405395508"
                             CONTENT="syllable."
                             HEIGHT="45"
                             WIDTH="162"
                             VPOS="2519"
                             HPOS="694">syllable.</String>
                  </TextLine>
                  <TextLine HEIGHT="49" WIDTH="510" VPOS="2584" HPOS="339">
                     <String WC="0.70999997854232788"
                             CONTENT="3."
                             HEIGHT="31"
                             WIDTH="31"
                             VPOS="2590"
                             HPOS="339">3.</String>
                     <SP WIDTH="28" VPOS="2589" HPOS="371"> </SP>
                     <String WC="1."
                             CONTENT="What"
                             HEIGHT="34"
                             WIDTH="106"
                             VPOS="2588"
                             HPOS="400">What</String>
                     <SP WIDTH="26" VPOS="2590" HPOS="507"> </SP>
                     <String WC="0.5"
                             CONTENT="is"
                             HEIGHT="31"
                             WIDTH="30"
                             VPOS="2589"
                             HPOS="534">is</String>
                     <SP WIDTH="24" VPOS="2598" HPOS="565"> </SP>
                     <String WC="0.62000000476837158"
                             CONTENT="an"
                             HEIGHT="21"
                             WIDTH="46"
                             VPOS="2598"
                             HPOS="590">an</String>
                     <SP WIDTH="23" VPOS="2588" HPOS="637"> </SP>
                     <String WC="0.91624999046325684"
                             CONTENT="Anepest?"
                             HEIGHT="44"
                             WIDTH="188"
                             VPOS="2586"
                             HPOS="661">Anepest?</String>
                  </TextLine>
                  <TextLine HEIGHT="66" WIDTH="1519" VPOS="2641" HPOS="343">
                     <String WC="1."
                             CONTENT="A"
                             HEIGHT="32"
                             WIDTH="33"
                             VPOS="2656"
                             HPOS="343">A</String>
                     <SP WIDTH="21" VPOS="2656" HPOS="377"> </SP>
                     <String WC="1."
                             CONTENT="music"
                             HEIGHT="32"
                             WIDTH="115"
                             VPOS="2656"
                             HPOS="399">music</String>
                     <SP WIDTH="30" VPOS="2659" HPOS="515"> </SP>
                     <String WC="0.81749999523162842"
                             CONTENT="fort"
                             HEIGHT="34"
                             WIDTH="69"
                             VPOS="2658"
                             HPOS="546">fort</String>
                     <SP WIDTH="24" VPOS="2662" HPOS="616"> </SP>
                     <String WC="0.82899999618530273"
                             CONTENT="consisting"
                             HEIGHT="46"
                             WIDTH="199"
                             VPOS="2653"
                             HPOS="641">consisting</String>
                     <SP WIDTH="21" VPOS="2664" HPOS="841"> </SP>
                     <String WC="0.72500002384185791"
                             CONTENT="of"
                             HEIGHT="31"
                             WIDTH="40"
                             VPOS="2654"
                             HPOS="863">of</String>
                     <SP WIDTH="21" VPOS="2653" HPOS="904"> </SP>
                     <String WC="0.73000001907348633"
                             CONTENT="two"
                             HEIGHT="33"
                             WIDTH="70"
                             VPOS="2653"
                             HPOS="926">two</String>
                     <SP WIDTH="23" VPOS="2663" HPOS="997"> </SP>
                     <String WC="0.63999998569488525"
                             CONTENT="short"
                             HEIGHT="33"
                             WIDTH="101"
                             VPOS="2652"
                             HPOS="1021">short</String>
                     <SP WIDTH="24" VPOS="2655" HPOS="1122"> </SP>
                     <String WC="0.75599998235702515"
                             CONTENT="notes"
                             HEIGHT="35"
                             WIDTH="102"
                             VPOS="2651"
                             HPOS="1146">notes</String>
                     <SP WIDTH="24" VPOS="2661" HPOS="1249"> </SP>
                     <String WC="0.4699999988079071"
                             CONTENT="or"
                             HEIGHT="21"
                             WIDTH="41"
                             VPOS="2661"
                             HPOS="1274">or</String>
                     <SP WIDTH="23" VPOS="2660" HPOS="1316"> </SP>
                     <String WC="0.82333332300186157"
                             CONTENT="syllables"
                             HEIGHT="46"
                             WIDTH="168"
                             VPOS="2648"
                             HPOS="1340">syllables</String>
                     <SP WIDTH="24" VPOS="2660" HPOS="1509"> </SP>
                     <String WC="0.99000000953674316"
                             CONTENT="and"
                             HEIGHT="31"
                             WIDTH="72"
                             VPOS="2649"
                             HPOS="1534">and</String>
                     <SP WIDTH="24" VPOS="2649" HPOS="1607"> </SP>
                     <String WC="1."
                             CONTENT="a"
                             HEIGHT="21"
                             WIDTH="21"
                             VPOS="2659"
                             HPOS="1632">a</String>
                     <SP WIDTH="20" VPOS="2648" HPOS="1654"> </SP>
                     <String WC="0.95749998092651367"
                             CONTENT="long"
                             HEIGHT="43"
                             WIDTH="87"
                             VPOS="2648"
                             HPOS="1675">long</String>
                     <SP WIDTH="21" VPOS="2658" HPOS="1763"> </SP>
                     <String WC="0.95499998331069946"
                             CONTENT="one."
                             HEIGHT="23"
                             WIDTH="77"
                             VPOS="2657"
                             HPOS="1785">one.</String>
                  </TextLine>
                  <TextLine HEIGHT="64" WIDTH="1275" VPOS="2709" HPOS="341">
                     <String WC="1."
                             CONTENT="The"
                             HEIGHT="33"
                             WIDTH="74"
                             VPOS="2722"
                             HPOS="341">The</String>
                     <SP WIDTH="24" VPOS="2724" HPOS="416"> </SP>
                     <String WC="0.76999998092651367"
                             CONTENT="following"
                             HEIGHT="47"
                             WIDTH="187"
                             VPOS="2721"
                             HPOS="441">following</String>
                     <SP WIDTH="23" VPOS="2722" HPOS="629"> </SP>
                     <String WC="0.83142858743667603"
                             CONTENT="letters"
                             HEIGHT="35"
                             WIDTH="128"
                             VPOS="2720"
                             HPOS="653">letters</String>
                     <SP WIDTH="24" VPOS="2731" HPOS="782"> </SP>
                     <String WC="1."
                             CONTENT="apply"
                             HEIGHT="45"
                             WIDTH="115"
                             VPOS="2720"
                             HPOS="806">apply</String>
                     <SP WIDTH="23" VPOS="2722" HPOS="921"> </SP>
                     <String WC="1."
                             CONTENT="to"
                             HEIGHT="33"
                             WIDTH="39"
                             VPOS="2721"
                             HPOS="945">to</String>
                     <SP WIDTH="22" VPOS="2722" HPOS="985"> </SP>
                     <String WC="0.87000000476837158"
                             CONTENT="the"
                             HEIGHT="32"
                             WIDTH="60"
                             VPOS="2719"
                             HPOS="1008">the</String>
                     <SP WIDTH="23" VPOS="2719" HPOS="1069"> </SP>
                     <String WC="0.81111109256744385"
                             CONTENT="different"
                             HEIGHT="37"
                             WIDTH="176"
                             VPOS="2716"
                             HPOS="1093">different</String>
                     <SP WIDTH="23" VPOS="2720" HPOS="1270"> </SP>
                     <String WC="0.93000000715255737"
                             CONTENT="tunes"
                             HEIGHT="31"
                             WIDTH="105"
                             VPOS="2720"
                             HPOS="1294">tunes</String>
                     <SP WIDTH="23" VPOS="2718" HPOS="1400"> </SP>
                     <String WC="1."
                             CONTENT="in"
                             HEIGHT="32"
                             WIDTH="37"
                             VPOS="2717"
                             HPOS="1424">in</String>
                     <SP WIDTH="23" VPOS="2726" HPOS="1462"> </SP>
                     <String WC="0.90833336114883423"
                             CONTENT="music:"
                             HEIGHT="32"
                             WIDTH="130"
                             VPOS="2716"
                             HPOS="1486">music:</String>
                  </TextLine>
                  <TextLine HEIGHT="62" WIDTH="1565" VPOS="2775" HPOS="343">
                     <String WC="0.86500000953674316"
                             CONTENT="C."
                             HEIGHT="32"
                             WIDTH="38"
                             VPOS="2791"
                             HPOS="343">C.</String>
                     <SP WIDTH="26" VPOS="2792" HPOS="382"> </SP>
                     <String WC="1."
                             CONTENT="M."
                             HEIGHT="31"
                             WIDTH="50"
                             VPOS="2792"
                             HPOS="409">M.</String>
                     <SP WIDTH="26" VPOS="2801" HPOS="460"> </SP>
                     <String WC="0.88400000333786011"
                             CONTENT="means"
                             HEIGHT="25"
                             WIDTH="122"
                             VPOS="2799"
                             HPOS="487">means</String>
                     <SP WIDTH="25" VPOS="2789" HPOS="610"> </SP>
                     <String WC="0.70499998331069946"
                             CONTENT="Common"
                             HEIGHT="36"
                             WIDTH="175"
                             VPOS="2787"
                             HPOS="636">Common</String>
                     <SP WIDTH="26" VPOS="2789" HPOS="812"> </SP>
                     <String WC="0.79166668653488159"
                             CONTENT="Metre;"
                             HEIGHT="43"
                             WIDTH="136"
                             VPOS="2786"
                             HPOS="839">Metre;</String>
                     <SP WIDTH="28" VPOS="2797" HPOS="976"> </SP>
                     <String WC="1."
                             CONTENT="a"
                             HEIGHT="23"
                             WIDTH="21"
                             VPOS="2796"
                             HPOS="1005">a</String>
                     <SP WIDTH="26" VPOS="2796" HPOS="1027"> </SP>
                     <String WC="0.87833333015441895"
                             CONTENT="stanza"
                             HEIGHT="32"
                             WIDTH="125"
                             VPOS="2787"
                             HPOS="1054">stanza</String>
                     <SP WIDTH="25" VPOS="2794" HPOS="1180"> </SP>
                     <String WC="0.67500001192092896"
                             CONTENT="of"
                             HEIGHT="33"
                             WIDTH="40"
                             VPOS="2784"
                             HPOS="1206">of</String>
                     <SP WIDTH="25" VPOS="2785" HPOS="1247"> </SP>
                     <String WC="0.54000002145767212"
                             CONTENT="four"
                             HEIGHT="33"
                             WIDTH="86"
                             VPOS="2784"
                             HPOS="1273">four</String>
                     <SP WIDTH="25" VPOS="2784" HPOS="1360"> </SP>
                     <String WC="0.88999998569488525"
                             CONTENT="lines"
                             HEIGHT="33"
                             WIDTH="89"
                             VPOS="2783"
                             HPOS="1386">lines</String>
                     <SP WIDTH="26" VPOS="2783" HPOS="1476"> </SP>
                     <String WC="0.76999998092651367"
                             CONTENT="in"
                             HEIGHT="31"
                             WIDTH="36"
                             VPOS="2784"
                             HPOS="1503">in</String>
                     <SP WIDTH="26" VPOS="2783" HPOS="1540"> </SP>
                     <String WC="0.91500002145767212"
                             CONTENT="lambic"
                             HEIGHT="34"
                             WIDTH="138"
                             VPOS="2781"
                             HPOS="1567">lambic</String>
                     <SP WIDTH="25" VPOS="2791" HPOS="1706"> </SP>
                     <String WC="0.88999998569488525"
                             CONTENT="measure."
                             HEIGHT="26"
                             WIDTH="176"
                             VPOS="2788"
                             HPOS="1732">measure.</String>
                  </TextLine>
                  <TextLine HEIGHT="57" WIDTH="778" VPOS="2849" HPOS="255">
                     <String WC="0.81999999284744263"
                             CONTENT="The"
                             HEIGHT="37"
                             WIDTH="74"
                             VPOS="2855"
                             HPOS="255">The</String>
                     <SP WIDTH="32" VPOS="2868" HPOS="330"> </SP>
                     <String WC="0.80666667222976685"
                             CONTENT="syllables"
                             HEIGHT="46"
                             WIDTH="170"
                             VPOS="2857"
                             HPOS="363">syllables</String>
                     <SP WIDTH="33" VPOS="2867" HPOS="534"> </SP>
                     <String WC="0.81000000238418579"
                             CONTENT="of"
                             HEIGHT="32"
                             WIDTH="40"
                             VPOS="2858"
                             HPOS="568">of</String>
                     <SP WIDTH="31" VPOS="2857" HPOS="609"> </SP>
                     <String WC="0.64800000190734863"
                             CONTENT="which"
                             HEIGHT="34"
                             WIDTH="113"
                             VPOS="2856"
                             HPOS="641">which</String>
                     <SP WIDTH="34" VPOS="2857" HPOS="755"> </SP>
                     <String WC="0.75666666030883789"
                             CONTENT="are"
                             HEIGHT="24"
                             WIDTH="61"
                             VPOS="2866"
                             HPOS="790">are</String>
                     <SP WIDTH="33" VPOS="2857" HPOS="852"> </SP>
                     <String WC="0.65375000238418579"
                             CONTENT="S-6-8-6."
                             HEIGHT="36"
                             WIDTH="147"
                             VPOS="2854"
                             HPOS="886">S-6-8-6.</String>
                  </TextLine>
                  <TextLine HEIGHT="69" WIDTH="1570" VPOS="2907" HPOS="341">
                     <String WC="1."
                             CONTENT="L."
                             HEIGHT="33"
                             WIDTH="41"
                             VPOS="2925"
                             HPOS="341">L.</String>
                     <SP WIDTH="17" VPOS="2927" HPOS="383"> </SP>
                     <String WC="0.85500001907348633"
                             CONTENT="M."
                             HEIGHT="32"
                             WIDTH="49"
                             VPOS="2927"
                             HPOS="401">M.</String>
                     <SP WIDTH="16" VPOS="2937" HPOS="451"> </SP>
                     <String WC="0.88400000333786011"
                             CONTENT="means"
                             HEIGHT="25"
                             WIDTH="123"
                             VPOS="2935"
                             HPOS="468">means</String>
                     <SP WIDTH="17" VPOS="2925" HPOS="592"> </SP>
                     <String WC="1."
                             CONTENT="Long"
                             HEIGHT="45"
                             WIDTH="106"
                             VPOS="2924"
                             HPOS="610">Long</String>
                     <SP WIDTH="16" VPOS="2926" HPOS="717"> </SP>
                     <String WC="0.83499997854232788"
                             CONTENT="Metre,"
                             HEIGHT="39"
                             WIDTH="132"
                             VPOS="2925"
                             HPOS="734">Metre,</String>
                     <SP WIDTH="16" VPOS="2922" HPOS="867"> </SP>
                     <String WC="0.62250000238418579"
                             CONTENT="four"
                             HEIGHT="36"
                             WIDTH="86"
                             VPOS="2921"
                             HPOS="884">four</String>
                     <SP WIDTH="15" VPOS="2921" HPOS="971"> </SP>
                     <String WC="0.86799997091293335"
                             CONTENT="lines"
                             HEIGHT="33"
                             WIDTH="90"
                             VPOS="2921"
                             HPOS="987">lines</String>
                     <SP WIDTH="17" VPOS="2922" HPOS="1078"> </SP>
                     <String WC="0.97000002861022949"
                             CONTENT="in"
                             HEIGHT="31"
                             WIDTH="37"
                             VPOS="2922"
                             HPOS="1096">in</String>
                     <SP WIDTH="16" VPOS="2920" HPOS="1134"> </SP>
                     <String WC="0.83333331346511841"
                             CONTENT="lambic"
                             HEIGHT="38"
                             WIDTH="138"
                             VPOS="2917"
                             HPOS="1151">lambic</String>
                     <SP WIDTH="17" VPOS="2930" HPOS="1290"> </SP>
                     <String WC="0.87000000476837158"
                             CONTENT="measure,"
                             HEIGHT="32"
                             WIDTH="177"
                             VPOS="2927"
                             HPOS="1308">measure,</String>
                     <SP WIDTH="15" VPOS="2928" HPOS="1486"> </SP>
                     <String WC="0.85000002384185791"
                             CONTENT="each"
                             HEIGHT="32"
                             WIDTH="89"
                             VPOS="2918"
                             HPOS="1502">each</String>
                     <SP WIDTH="14" VPOS="2915" HPOS="1592"> </SP>
                     <String WC="0.91750001907348633"
                             CONTENT="line"
                             HEIGHT="36"
                             WIDTH="72"
                             VPOS="2913"
                             HPOS="1607">line</String>
                     <SP WIDTH="18" VPOS="2924" HPOS="1680"> </SP>
                     <String WC="0.71200001239776611"
                             CONTENT="containing"
                             HEIGHT="46"
                             WIDTH="212"
                             VPOS="2912"
                             HPOS="1699">containing</String>
                  </TextLine>
                  <TextLine HEIGHT="52" WIDTH="302" VPOS="2988" HPOS="247">
                     <String WC="0.6380000114440918"
                             CONTENT="eight"
                             HEIGHT="49"
                             WIDTH="100"
                             VPOS="2989"
                             HPOS="247">eight</String>
                     <SP WIDTH="20" VPOS="2995" HPOS="348"> </SP>
                     <String WC="0.88099998235702515"
                             CONTENT="syllables."
                             HEIGHT="47"
                             WIDTH="180"
                             VPOS="2991"
                             HPOS="369">syllables.</String>
                  </TextLine>
                  <TextLine HEIGHT="64" WIDTH="1418" VPOS="3042" HPOS="326">
                     <String WC="0.59500002861022949"
                             CONTENT="S."
                             HEIGHT="34"
                             WIDTH="37"
                             VPOS="3059"
                             HPOS="326">S.</String>
                     <SP WIDTH="16" VPOS="3061" HPOS="364"> </SP>
                     <String WC="0.88333332538604736"
                             CONTENT="M.,"
                             HEIGHT="39"
                             WIDTH="63"
                             VPOS="3061"
                             HPOS="381">M.,</String>
                     <SP WIDTH="16" VPOS="3062" HPOS="445"> </SP>
                     <String WC="0.89800000190734863"
                             CONTENT="Short"
                             HEIGHT="35"
                             WIDTH="111"
                             VPOS="3060"
                             HPOS="462">Short</String>
                     <SP WIDTH="16" VPOS="3061" HPOS="574"> </SP>
                     <String WC="0.78333336114883423"
                             CONTENT="Metre,"
                             HEIGHT="41"
                             WIDTH="132"
                             VPOS="3059"
                             HPOS="591">Metre,</String>
                     <SP WIDTH="16" VPOS="3070" HPOS="724"> </SP>
                     <String WC="0.81499999761581421"
                             CONTENT="consists"
                             HEIGHT="33"
                             WIDTH="154"
                             VPOS="3059"
                             HPOS="741">consists</String>
                     <SP WIDTH="18" VPOS="3068" HPOS="896"> </SP>
                     <String WC="0.89499998092651367"
                             CONTENT="of"
                             HEIGHT="34"
                             WIDTH="40"
                             VPOS="3057"
                             HPOS="915">of</String>
                     <SP WIDTH="17" VPOS="3057" HPOS="956"> </SP>
                     <String WC="0.74500000476837158"
                             CONTENT="four"
                             HEIGHT="33"
                             WIDTH="85"
                             VPOS="3056"
                             HPOS="974">four</String>
                     <SP WIDTH="17" VPOS="3058" HPOS="1060"> </SP>
                     <String WC="0.73799997568130493"
                             CONTENT="lines"
                             HEIGHT="35"
                             WIDTH="89"
                             VPOS="3055"
                             HPOS="1078">lines</String>
                     <SP WIDTH="17" VPOS="3055" HPOS="1168"> </SP>
                     <String WC="0.875"
                             CONTENT="in"
                             HEIGHT="36"
                             WIDTH="39"
                             VPOS="3053"
                             HPOS="1186">in</String>
                     <SP WIDTH="18" VPOS="3055" HPOS="1226"> </SP>
                     <String WC="0.75499999523162842"
                             CONTENT="lambic"
                             HEIGHT="35"
                             WIDTH="139"
                             VPOS="3052"
                             HPOS="1245">lambic</String>
                     <SP WIDTH="15" VPOS="3063" HPOS="1385"> </SP>
                     <String WC="0.90625"
                             CONTENT="measure,"
                             HEIGHT="31"
                             WIDTH="178"
                             VPOS="3060"
                             HPOS="1401">measure,</String>
                     <SP WIDTH="16" VPOS="3051" HPOS="1580"> </SP>
                     <String WC="0.72374999523162842"
                             CONTENT="6-6-8-6."
                             HEIGHT="35"
                             WIDTH="146"
                             VPOS="3048"
                             HPOS="1597">6-6-8-6.</String>
                  </TextLine>
               </TextBlock>
               <TextBlock ID="Page1_Block4"
                          HEIGHT="2707"
                          WIDTH="1691"
                          VPOS="400"
                          HPOS="1975"
                          language="en-US">
                  <Shape>
                     <Polygon POINTS="3543,407 3664,407 3664,643 3663,643 3663,909 3662,909 3662,1006 3663,1006 3663,1174 3662,1174 3662,1441 3661,1441 3661,1703 3662,1703 3662,1706 3661,1706 3661,1972 3660,1972 3660,2239 3659,2239 3659,2400 3660,2400 3660,2503 3659,2503 3659,2554 3658,2554 3658,2771 3657,2771 3657,3036 3656,3036 3656,3093 3635,3093 3635,3094 3495,3094 3495,3095 3429,3095 3429,3096 3394,3096 3394,3097 3362,3097 3362,3098 3243,3098 3243,3099 3096,3099 3096,3100 3011,3100 3011,3101 2823,3101 2823,3102 2282,3102 2282,3101 2070,3101 2070,3100 2015,3100 2015,3099 2013,3099 2013,3098 1978,3098 1978,3046 1979,3046 1979,2877 1980,2877 1980,2780 1981,2780 1981,2513 1982,2513 1982,2406 1981,2406 1981,2247 1982,2247 1982,1981 1983,1981 1983,1715 1984,1715 1984,1709 1983,1709 1983,1661 1984,1661 1984,1449 1985,1449 1985,1182 1986,1182 1986,1012 1985,1012 1985,926 1984,926 1984,916 1985,916 1985,649 1986,649 1986,491 3156,491 3156,490 3184,490 3184,489 3215,489 3215,488 3308,488 3308,487 3522,487 3522,408 3543,408 3543,407"/>
                  </Shape>
                  <TextLine HEIGHT="49" WIDTH="61" VPOS="415" HPOS="3528">
                     <String WC="0.56499999761581421"
                             CONTENT="19"
                             HEIGHT="49"
                             WIDTH="61"
                             VPOS="415"
                             HPOS="3528">19</String>
                  </TextLine>
                  <TextLine HEIGHT="62" WIDTH="1569" VPOS="490" HPOS="2086">
                     <String WC="0.77499997615814209"
                             CONTENT="S."
                             HEIGHT="36"
                             WIDTH="36"
                             VPOS="505"
                             HPOS="2086">S.</String>
                     <SP WIDTH="24" VPOS="505" HPOS="2123"> </SP>
                     <String WC="0.46500000357627869"
                             CONTENT="P."
                             HEIGHT="32"
                             WIDTH="40"
                             VPOS="505"
                             HPOS="2148">P.</String>
                     <SP WIDTH="25" VPOS="505" HPOS="2189"> </SP>
                     <String WC="1."
                             CONTENT="M."
                             HEIGHT="32"
                             WIDTH="49"
                             VPOS="505"
                             HPOS="2215">M.</String>
                     <SP WIDTH="25" VPOS="514" HPOS="2265"> </SP>
                     <String WC="0.93000000715255737"
                             CONTENT="means"
                             HEIGHT="26"
                             WIDTH="123"
                             VPOS="511"
                             HPOS="2291">means</String>
                     <SP WIDTH="24" VPOS="503" HPOS="2415"> </SP>
                     <String WC="0.64800000190734863"
                             CONTENT="Short"
                             HEIGHT="33"
                             WIDTH="110"
                             VPOS="502"
                             HPOS="2440">Short</String>
                     <SP WIDTH="25" VPOS="502" HPOS="2551"> </SP>
                     <String WC="0.8190000057220459"
                             CONTENT="Particular"
                             HEIGHT="34"
                             WIDTH="210"
                             VPOS="501"
                             HPOS="2577">Particular</String>
                     <SP WIDTH="23" VPOS="502" HPOS="2788"> </SP>
                     <String WC="0.87166666984558105"
                             CONTENT="Metre,"
                             HEIGHT="42"
                             WIDTH="131"
                             VPOS="500"
                             HPOS="2812">Metre,</String>
                     <SP WIDTH="24" VPOS="512" HPOS="2944"> </SP>
                     <String WC="0.88499999046325684"
                             CONTENT="consisting"
                             HEIGHT="51"
                             WIDTH="200"
                             VPOS="496"
                             HPOS="2969">consisting</String>
                     <SP WIDTH="22" VPOS="512" HPOS="3170"> </SP>
                     <String WC="0.68999999761581421"
                             CONTENT="of"
                             HEIGHT="33"
                             WIDTH="40"
                             VPOS="501"
                             HPOS="3193">of</String>
                     <SP WIDTH="25" VPOS="500" HPOS="3234"> </SP>
                     <String WC="0.81333333253860474"
                             CONTENT="six"
                             HEIGHT="32"
                             WIDTH="53"
                             VPOS="501"
                             HPOS="3260">six</String>
                     <SP WIDTH="23" VPOS="500" HPOS="3314"> </SP>
                     <String WC="0.8880000114440918"
                             CONTENT="lines"
                             HEIGHT="35"
                             WIDTH="89"
                             VPOS="500"
                             HPOS="3338">lines</String>
                     <SP WIDTH="24" VPOS="502" HPOS="3428"> </SP>
                     <String WC="0.5899999737739563"
                             CONTENT="in"
                             HEIGHT="31"
                             WIDTH="37"
                             VPOS="502"
                             HPOS="3453">in</String>
                     <SP WIDTH="26" VPOS="501" HPOS="3491"> </SP>
                     <String WC="0.99500000476837158"
                             CONTENT="lambic"
                             HEIGHT="35"
                             WIDTH="138"
                             VPOS="499"
                             HPOS="3517">lambic</String>
                  </TextLine>
                  <TextLine HEIGHT="58" WIDTH="1200" VPOS="548" HPOS="1996">
                     <String WC="0.79624998569488525"
                             CONTENT="measure,"
                             HEIGHT="30"
                             WIDTH="177"
                             VPOS="570"
                             HPOS="1996">measure,</String>
                     <SP WIDTH="27" VPOS="560" HPOS="2174"> </SP>
                     <String WC="0.61666667461395264"
                             CONTENT="but"
                             HEIGHT="32"
                             WIDTH="67"
                             VPOS="560"
                             HPOS="2202">but</String>
                     <SP WIDTH="28" VPOS="562" HPOS="2270"> </SP>
                     <String WC="0.92000001668930054"
                             CONTENT="the"
                             HEIGHT="32"
                             WIDTH="59"
                             VPOS="561"
                             HPOS="2299">the</String>
                     <SP WIDTH="31" VPOS="569" HPOS="2359"> </SP>
                     <String WC="0.97333335876464844"
                             CONTENT="syllables"
                             HEIGHT="46"
                             WIDTH="170"
                             VPOS="557"
                             HPOS="2391">syllables</String>
                     <SP WIDTH="31" VPOS="567" HPOS="2562"> </SP>
                     <String WC="0.79000002145767212"
                             CONTENT="are"
                             HEIGHT="22"
                             WIDTH="62"
                             VPOS="568"
                             HPOS="2594">are</String>
                     <SP WIDTH="30" VPOS="567" HPOS="2657"> </SP>
                     <String WC="0.625"
                             CONTENT="as"
                             HEIGHT="23"
                             WIDTH="38"
                             VPOS="567"
                             HPOS="2688">as</String>
                     <SP WIDTH="32" VPOS="557" HPOS="2727"> </SP>
                     <String WC="0.87625002861022949"
                             CONTENT="follows:"
                             HEIGHT="35"
                             WIDTH="158"
                             VPOS="556"
                             HPOS="2760">follows:</String>
                     <SP WIDTH="52" VPOS="559" HPOS="2919"> </SP>
                     <String WC="0.82833331823348999"
                             CONTENT="6-6-8-6-6-8."
                             HEIGHT="37"
                             WIDTH="224"
                             VPOS="555"
                             HPOS="2972">6-6-8-6-6-8.</String>
                  </TextLine>
                  <TextLine HEIGHT="63" WIDTH="1570" VPOS="604" HPOS="2084">
                     <String WC="0.91500002145767212"
                             CONTENT="P."
                             HEIGHT="32"
                             WIDTH="39"
                             VPOS="618"
                             HPOS="2085">P.</String>
                     <SP WIDTH="31" VPOS="617" HPOS="2125"> </SP>
                     <String WC="0.91666668653488159"
                             CONTENT="M.,"
                             HEIGHT="38"
                             WIDTH="62"
                             VPOS="617"
                             HPOS="2156">M.,</String>
                     <SP WIDTH="30" VPOS="617" HPOS="2218"> </SP>
                     <String WC="0.74400001764297485"
                             CONTENT="Particular"
                             HEIGHT="37"
                             WIDTH="208"
                             VPOS="612"
                             HPOS="2249">Particular</String>
                     <SP WIDTH="31" VPOS="615" HPOS="2458"> </SP>
                     <String WC="0.88666665554046631"
                             CONTENT="Metre."
                             HEIGHT="33"
                             WIDTH="129"
                             VPOS="614"
                             HPOS="2490">Metre.</String>
                     <SP WIDTH="51" VPOS="614" HPOS="2620"> </SP>
                     <String WC="1."
                             CONTENT="The"
                             HEIGHT="33"
                             WIDTH="74"
                             VPOS="613"
                             HPOS="2672">The</String>
                     <SP WIDTH="30" VPOS="623" HPOS="2746"> </SP>
                     <String WC="0.87749999761581421"
                             CONTENT="poem"
                             HEIGHT="36"
                             WIDTH="105"
                             VPOS="622"
                             HPOS="2776">poem</String>
                     <SP WIDTH="31" VPOS="624" HPOS="2882"> </SP>
                     <String WC="0.43000000715255737"
                             CONTENT="or"
                             HEIGHT="23"
                             WIDTH="41"
                             VPOS="623"
                             HPOS="2914">or</String>
                     <SP WIDTH="28" VPOS="623" HPOS="2956"> </SP>
                     <String WC="0.88599997758865356"
                             CONTENT="words"
                             HEIGHT="36"
                             WIDTH="119"
                             VPOS="611"
                             HPOS="2985">words</String>
                     <SP WIDTH="27" VPOS="614" HPOS="3105"> </SP>
                     <String WC="0.90499997138977051"
                             CONTENT="have"
                             HEIGHT="36"
                             WIDTH="90"
                             VPOS="611"
                             HPOS="3133">have</String>
                     <SP WIDTH="29" VPOS="622" HPOS="3223"> </SP>
                     <String WC="0.82769232988357544"
                             CONTENT="peculiarities"
                             HEIGHT="47"
                             WIDTH="249"
                             VPOS="611"
                             HPOS="3252">peculiarities</String>
                     <SP WIDTH="30" VPOS="623" HPOS="3502"> </SP>
                     <String WC="0.81999999284744263"
                             CONTENT="or"
                             HEIGHT="23"
                             WIDTH="41"
                             VPOS="622"
                             HPOS="3533">or</String>
                     <SP WIDTH="29" VPOS="612" HPOS="3575"> </SP>
                     <String WC="1."
                             CONTENT="ir"
                             HEIGHT="32"
                             WIDTH="31"
                             VPOS="612"
                             HPOS="3605"
                             SUBS_TYPE="HypPart1"
                             SUBS_CONTENT="irregularities">ir</String>
                     <HYP CONTENT="­"/>
                  </TextLine>
                  <TextLine HEIGHT="66" WIDTH="1657" VPOS="659" HPOS="1994">
                     <String WC="0.84416669607162476"
                             CONTENT="regularities"
                             HEIGHT="46"
                             WIDTH="230"
                             VPOS="673"
                             HPOS="1994"
                             SUBS_TYPE="HypPart2"
                             SUBS_CONTENT="irregularities">regularities</String>
                     <SP WIDTH="28" VPOS="683" HPOS="2225"> </SP>
                     <String WC="0.87000000476837158"
                             CONTENT="which"
                             HEIGHT="35"
                             WIDTH="114"
                             VPOS="672"
                             HPOS="2254">which</String>
                     <SP WIDTH="27" VPOS="674" HPOS="2369"> </SP>
                     <String WC="0.83875000476837158"
                             CONTENT="prevents"
                             HEIGHT="45"
                             WIDTH="173"
                             VPOS="673"
                             HPOS="2397">prevents</String>
                     <SP WIDTH="28" VPOS="671" HPOS="2571"> </SP>
                     <String WC="0.72000002861022949"
                             CONTENT="it"
                             HEIGHT="32"
                             WIDTH="30"
                             VPOS="671"
                             HPOS="2600">it</String>
                     <SP WIDTH="32" VPOS="670" HPOS="2631"> </SP>
                     <String WC="0.85750001668930054"
                             CONTENT="from"
                             HEIGHT="33"
                             WIDTH="97"
                             VPOS="670"
                             HPOS="2664">from</String>
                     <SP WIDTH="27" VPOS="670" HPOS="2762"> </SP>
                     <String WC="0.97399997711181641"
                             CONTENT="being"
                             HEIGHT="46"
                             WIDTH="110"
                             VPOS="669"
                             HPOS="2790">being</String>
                     <SP WIDTH="28" VPOS="681" HPOS="2901"> </SP>
                     <String WC="0.87363636493682861"
                             CONTENT="classified."
                             HEIGHT="36"
                             WIDTH="190"
                             VPOS="668"
                             HPOS="2930">classified.</String>
                     <SP WIDTH="55" VPOS="670" HPOS="3121"> </SP>
                     <String WC="0.7225000262260437"
                             CONTENT="Such"
                             HEIGHT="36"
                             WIDTH="96"
                             VPOS="668"
                             HPOS="3177">Such</String>
                     <SP WIDTH="27" VPOS="670" HPOS="3274"> </SP>
                     <String WC="0.88999998569488525"
                             CONTENT="poems"
                             HEIGHT="36"
                             WIDTH="126"
                             VPOS="679"
                             HPOS="3302">poems</String>
                     <SP WIDTH="30" VPOS="681" HPOS="3429"> </SP>
                     <String WC="1."
                             CONTENT="or"
                             HEIGHT="21"
                             WIDTH="41"
                             VPOS="681"
                             HPOS="3460">or</String>
                     <SP WIDTH="29" VPOS="681" HPOS="3502"> </SP>
                     <String WC="0.89999997615814209"
                             CONTENT="words"
                             HEIGHT="35"
                             WIDTH="119"
                             VPOS="668"
                             HPOS="3532">words</String>
                  </TextLine>
                  <TextLine HEIGHT="53" WIDTH="689" VPOS="724" HPOS="1994">
                     <String WC="0.77285712957382202"
                             CONTENT="require"
                             HEIGHT="45"
                             WIDTH="142"
                             VPOS="730"
                             HPOS="1994">require</String>
                     <SP WIDTH="27" VPOS="731" HPOS="2137"> </SP>
                     <String WC="0.88200002908706665"
                             CONTENT="their"
                             HEIGHT="33"
                             WIDTH="94"
                             VPOS="729"
                             HPOS="2165">their</String>
                     <SP WIDTH="29" VPOS="739" HPOS="2260"> </SP>
                     <String WC="0.9100000262260437"
                             CONTENT="own"
                             HEIGHT="24"
                             WIDTH="79"
                             VPOS="738"
                             HPOS="2290">own</String>
                     <SP WIDTH="29" VPOS="739" HPOS="2370"> </SP>
                     <String WC="0.9471428394317627"
                             CONTENT="special"
                             HEIGHT="45"
                             WIDTH="137"
                             VPOS="727"
                             HPOS="2400">special</String>
                     <SP WIDTH="27" VPOS="727" HPOS="2538"> </SP>
                     <String WC="0.89833331108093262"
                             CONTENT="tunes."
                             HEIGHT="30"
                             WIDTH="117"
                             VPOS="730"
                             HPOS="2566">tunes.</String>
                  </TextLine>
                  <TextLine HEIGHT="63" WIDTH="1571" VPOS="771" HPOS="2083">
                     <String WC="1."
                             CONTENT="L."
                             HEIGHT="33"
                             WIDTH="40"
                             VPOS="787"
                             HPOS="2083">L.</String>
                     <SP WIDTH="26" VPOS="786" HPOS="2124"> </SP>
                     <String WC="0.65499997138977051"
                             CONTENT="P."
                             HEIGHT="32"
                             WIDTH="40"
                             VPOS="786"
                             HPOS="2151">P.</String>
                     <SP WIDTH="24" VPOS="786" HPOS="2192"> </SP>
                     <String WC="0.88666665554046631"
                             CONTENT="M.,"
                             HEIGHT="38"
                             WIDTH="62"
                             VPOS="786"
                             HPOS="2217">M.,</String>
                     <SP WIDTH="23" VPOS="785" HPOS="2280"> </SP>
                     <String WC="0.8125"
                             CONTENT="Long"
                             HEIGHT="43"
                             WIDTH="105"
                             VPOS="786"
                             HPOS="2304">Long</String>
                     <SP WIDTH="24" VPOS="785" HPOS="2410"> </SP>
                     <String WC="0.6119999885559082"
                             CONTENT="Particular"
                             HEIGHT="35"
                             WIDTH="210"
                             VPOS="782"
                             HPOS="2435">Particular</String>
                     <SP WIDTH="22" VPOS="784" HPOS="2646"> </SP>
                     <String WC="0.75833332538604736"
                             CONTENT="Metre,"
                             HEIGHT="38"
                             WIDTH="132"
                             VPOS="784"
                             HPOS="2669">Metre,</String>
                     <SP WIDTH="24" VPOS="784" HPOS="2802"> </SP>
                     <String WC="0.40000000596046448"
                             CONTENT="6"
                             HEIGHT="31"
                             WIDTH="18"
                             VPOS="784"
                             HPOS="2827">6</String>
                     <SP WIDTH="23" VPOS="782" HPOS="2846"> </SP>
                     <String WC="0.8566666841506958"
                             CONTENT="lines,"
                             HEIGHT="42"
                             WIDTH="103"
                             VPOS="781"
                             HPOS="2870">lines,</String>
                     <SP WIDTH="21" VPOS="783" HPOS="2974"> </SP>
                     <String WC="1."
                             CONTENT="in"
                             HEIGHT="32"
                             WIDTH="38"
                             VPOS="783"
                             HPOS="2996">in</String>
                     <SP WIDTH="23" VPOS="793" HPOS="3035"> </SP>
                     <String WC="0.55199998617172241"
                             CONTENT="which"
                             HEIGHT="38"
                             WIDTH="114"
                             VPOS="779"
                             HPOS="3059">which</String>
                     <SP WIDTH="25" VPOS="781" HPOS="3174"> </SP>
                     <String WC="0.87333333492279053"
                             CONTENT="lambic"
                             HEIGHT="35"
                             WIDTH="138"
                             VPOS="781"
                             HPOS="3200">lambic</String>
                     <SP WIDTH="25" VPOS="792" HPOS="3339"> </SP>
                     <String WC="0.68624997138977051"
                             CONTENT="measure,"
                             HEIGHT="30"
                             WIDTH="176"
                             VPOS="791"
                             HPOS="3365">measure,</String>
                     <SP WIDTH="22" VPOS="793" HPOS="3542"> </SP>
                     <String WC="0.80250000953674316"
                             CONTENT="each"
                             HEIGHT="35"
                             WIDTH="89"
                             VPOS="780"
                             HPOS="3565">each</String>
                  </TextLine>
                  <TextLine HEIGHT="52" WIDTH="640" VPOS="836" HPOS="1994">
                     <String WC="0.92750000953674316"
                             CONTENT="line"
                             HEIGHT="34"
                             WIDTH="71"
                             VPOS="843"
                             HPOS="1994">line</String>
                     <SP WIDTH="26" VPOS="853" HPOS="2066"> </SP>
                     <String WC="0.83399999141693115"
                             CONTENT="containing"
                             HEIGHT="44"
                             WIDTH="210"
                             VPOS="843"
                             HPOS="2093">containing</String>
                     <SP WIDTH="23" VPOS="853" HPOS="2304"> </SP>
                     <String WC="0.87800002098083496"
                             CONTENT="eight"
                             HEIGHT="44"
                             WIDTH="99"
                             VPOS="841"
                             HPOS="2328">eight</String>
                     <SP WIDTH="24" VPOS="843" HPOS="2428"> </SP>
                     <String WC="0.90100002288818359"
                             CONTENT="syllables."
                             HEIGHT="46"
                             WIDTH="181"
                             VPOS="838"
                             HPOS="2453">syllables.</String>
                  </TextLine>
                  <TextLine HEIGHT="61" WIDTH="1570" VPOS="884" HPOS="2083">
                     <String WC="0.86500000953674316"
                             CONTENT="M."
                             HEIGHT="32"
                             WIDTH="50"
                             VPOS="900"
                             HPOS="2083">M.</String>
                     <SP WIDTH="28" VPOS="899" HPOS="2133"> </SP>
                     <String WC="0.87999999523162842"
                             CONTENT="H.,"
                             HEIGHT="38"
                             WIDTH="61"
                             VPOS="899"
                             HPOS="2161">H.,</String>
                     <SP WIDTH="27" VPOS="899" HPOS="2222"> </SP>
                     <String WC="0.86400002241134644"
                             CONTENT="Metre"
                             HEIGHT="34"
                             WIDTH="120"
                             VPOS="898"
                             HPOS="2249">Metre</String>
                     <SP WIDTH="27" VPOS="898" HPOS="2369"> </SP>
                     <String WC="0.7881818413734436"
                             CONTENT="Hallelujah."
                             HEIGHT="45"
                             WIDTH="231"
                             VPOS="895"
                             HPOS="2396">Hallelujah.</String>
                     <SP WIDTH="50" VPOS="895" HPOS="2627"> </SP>
                     <String WC="1."
                             CONTENT="A"
                             HEIGHT="33"
                             WIDTH="35"
                             VPOS="895"
                             HPOS="2677">A</String>
                     <SP WIDTH="28" VPOS="896" HPOS="2712"> </SP>
                     <String WC="0.99166667461395264"
                             CONTENT="stanza"
                             HEIGHT="32"
                             WIDTH="127"
                             VPOS="898"
                             HPOS="2740">stanza</String>
                     <SP WIDTH="25" VPOS="906" HPOS="2867"> </SP>
                     <String WC="0.69999998807907104"
                             CONTENT="of"
                             HEIGHT="33"
                             WIDTH="42"
                             VPOS="894"
                             HPOS="2892">of</String>
                     <SP WIDTH="26" VPOS="894" HPOS="2934"> </SP>
                     <String WC="0.73000001907348633"
                             CONTENT="six"
                             HEIGHT="32"
                             WIDTH="54"
                             VPOS="896"
                             HPOS="2960">six</String>
                     <SP WIDTH="25" VPOS="895" HPOS="3014"> </SP>
                     <String WC="0.79600000381469727"
                             CONTENT="lines"
                             HEIGHT="38"
                             WIDTH="91"
                             VPOS="893"
                             HPOS="3039">lines</String>
                     <SP WIDTH="27" VPOS="895" HPOS="3130"> </SP>
                     <String WC="0.64499998092651367"
                             CONTENT="in"
                             HEIGHT="33"
                             WIDTH="38"
                             VPOS="894"
                             HPOS="3157">in</String>
                     <SP WIDTH="27" VPOS="894" HPOS="3195"> </SP>
                     <String WC="0.92000001668930054"
                             CONTENT="lambic"
                             HEIGHT="34"
                             WIDTH="139"
                             VPOS="893"
                             HPOS="3222">lambic</String>
                     <SP WIDTH="26" VPOS="904" HPOS="3361"> </SP>
                     <String WC="0.79124999046325684"
                             CONTENT="measure,"
                             HEIGHT="31"
                             WIDTH="179"
                             VPOS="903"
                             HPOS="3387">measure,</String>
                     <SP WIDTH="27" VPOS="897" HPOS="3566"> </SP>
                     <String WC="0.89999997615814209"
                             CONTENT="the"
                             HEIGHT="35"
                             WIDTH="60"
                             VPOS="893"
                             HPOS="3593">the</String>
                  </TextLine>
                  <TextLine HEIGHT="53" WIDTH="778" VPOS="950" HPOS="1993">
                     <String WC="0.93111109733581543"
                             CONTENT="syllables"
                             HEIGHT="47"
                             WIDTH="169"
                             VPOS="954"
                             HPOS="1993">syllables</String>
                     <SP WIDTH="30" VPOS="965" HPOS="2163"> </SP>
                     <String WC="0.55500000715255737"
                             CONTENT="of"
                             HEIGHT="32"
                             WIDTH="41"
                             VPOS="955"
                             HPOS="2194">of</String>
                     <SP WIDTH="27" VPOS="955" HPOS="2236"> </SP>
                     <String WC="0.94800001382827759"
                             CONTENT="which"
                             HEIGHT="36"
                             WIDTH="113"
                             VPOS="952"
                             HPOS="2264">which</String>
                     <SP WIDTH="28" VPOS="954" HPOS="2378"> </SP>
                     <String WC="0.92599999904632568"
                             CONTENT="being"
                             HEIGHT="42"
                             WIDTH="110"
                             VPOS="954"
                             HPOS="2407">being</String>
                     <SP WIDTH="29" VPOS="954" HPOS="2518"> </SP>
                     <String WC="0.74250000715255737"
                             CONTENT="6-6-6-6-S-8."
                             HEIGHT="32"
                             WIDTH="223"
                             VPOS="952"
                             HPOS="2548">6-6-6-6-S-8.</String>
                  </TextLine>
                  <TextLine HEIGHT="60" WIDTH="1572" VPOS="997" HPOS="2082">
                     <String WC="1."
                             CONTENT="C."
                             HEIGHT="34"
                             WIDTH="38"
                             VPOS="1012"
                             HPOS="2083">C.</String>
                     <SP WIDTH="26" VPOS="1012" HPOS="2122"> </SP>
                     <String WC="0.82999998331069946"
                             CONTENT="M."
                             HEIGHT="32"
                             WIDTH="50"
                             VPOS="1012"
                             HPOS="2149">M.</String>
                     <SP WIDTH="26" VPOS="1011" HPOS="2200"> </SP>
                     <String WC="0.81999999284744263"
                             CONTENT="H.,"
                             HEIGHT="40"
                             WIDTH="61"
                             VPOS="1011"
                             HPOS="2227">H.,</String>
                     <SP WIDTH="24" VPOS="1011" HPOS="2289"> </SP>
                     <String WC="0.78166669607162476"
                             CONTENT="Common"
                             HEIGHT="34"
                             WIDTH="175"
                             VPOS="1011"
                             HPOS="2314">Common</String>
                     <SP WIDTH="25" VPOS="1010" HPOS="2490"> </SP>
                     <String WC="0.9100000262260437"
                             CONTENT="Meter"
                             HEIGHT="34"
                             WIDTH="121"
                             VPOS="1009"
                             HPOS="2516">Meter</String>
                     <SP WIDTH="26" VPOS="1008" HPOS="2638"> </SP>
                     <String WC="0.9445454478263855"
                             CONTENT="Hallelujah."
                             HEIGHT="45"
                             WIDTH="230"
                             VPOS="1007"
                             HPOS="2664">Hallelujah.</String>
                     <SP WIDTH="49" VPOS="1008" HPOS="2895"> </SP>
                     <String WC="1."
                             CONTENT="A"
                             HEIGHT="32"
                             WIDTH="34"
                             VPOS="1008"
                             HPOS="2945">A</String>
                     <SP WIDTH="27" VPOS="1008" HPOS="2980"> </SP>
                     <String WC="0.93999999761581421"
                             CONTENT="stanza"
                             HEIGHT="34"
                             WIDTH="126"
                             VPOS="1008"
                             HPOS="3008">stanza</String>
                     <SP WIDTH="25" VPOS="1017" HPOS="3135"> </SP>
                     <String WC="0.38499999046325684"
                             CONTENT="of"
                             HEIGHT="33"
                             WIDTH="41"
                             VPOS="1006"
                             HPOS="3160">of</String>
                     <SP WIDTH="26" VPOS="1005" HPOS="3201"> </SP>
                     <String WC="0.87666666507720947"
                             CONTENT="six"
                             HEIGHT="34"
                             WIDTH="55"
                             VPOS="1005"
                             HPOS="3227">six</String>
                     <SP WIDTH="25" VPOS="1005" HPOS="3282"> </SP>
                     <String WC="0.90600001811981201"
                             CONTENT="lines"
                             HEIGHT="36"
                             WIDTH="91"
                             VPOS="1005"
                             HPOS="3307">lines</String>
                     <SP WIDTH="25" VPOS="1009" HPOS="3399"> </SP>
                     <String WC="0.625"
                             CONTENT="in"
                             HEIGHT="32"
                             WIDTH="37"
                             VPOS="1009"
                             HPOS="3425">in</String>
                     <SP WIDTH="26" VPOS="1017" HPOS="3463"> </SP>
                     <String WC="0.68999999761581421"
                             CONTENT="a"
                             HEIGHT="23"
                             WIDTH="21"
                             VPOS="1016"
                             HPOS="3490">a</String>
                     <SP WIDTH="24" VPOS="1016" HPOS="3512"> </SP>
                     <String WC="0.9375"
                             CONTENT="meas"
                             HEIGHT="24"
                             WIDTH="98"
                             VPOS="1016"
                             HPOS="3537"
                             SUBS_TYPE="HypPart1"
                             SUBS_CONTENT="measure,">meas</String>
                     <HYP CONTENT="­"/>
                  </TextLine>
                  <TextLine HEIGHT="50" WIDTH="544" VPOS="1064" HPOS="1994">
                     <String WC="0.74750000238418579"
                             CONTENT="ure,"
                             HEIGHT="29"
                             WIDTH="76"
                             VPOS="1078"
                             HPOS="1994"
                             SUBS_TYPE="HypPart2"
                             SUBS_CONTENT="measure,">ure,</String>
                     <SP WIDTH="34" VPOS="1078" HPOS="2071"> </SP>
                     <String WC="0.92777776718139648"
                             CONTENT="syllables"
                             HEIGHT="46"
                             WIDTH="169"
                             VPOS="1067"
                             HPOS="2106">syllables</String>
                     <SP WIDTH="36" VPOS="1068" HPOS="2276"> </SP>
                     <String WC="0.81916666030883789"
                             CONTENT="S-8-6-8-8-6."
                             HEIGHT="33"
                             WIDTH="225"
                             VPOS="1067"
                             HPOS="2313">S-8-6-8-8-6.</String>
                  </TextLine>
                  <TextLine HEIGHT="58" WIDTH="1571" VPOS="1110" HPOS="2083">
                     <String WC="1."
                             CONTENT="C."
                             HEIGHT="34"
                             WIDTH="37"
                             VPOS="1123"
                             HPOS="2083">C.</String>
                     <SP WIDTH="23" VPOS="1125" HPOS="2121"> </SP>
                     <String WC="0.54500001668930054"
                             CONTENT="P."
                             HEIGHT="32"
                             WIDTH="40"
                             VPOS="1124"
                             HPOS="2145">P.</String>
                     <SP WIDTH="24" VPOS="1124" HPOS="2186"> </SP>
                     <String WC="1."
                             CONTENT="M.,"
                             HEIGHT="37"
                             WIDTH="61"
                             VPOS="1124"
                             HPOS="2211">M.,</String>
                     <SP WIDTH="20" VPOS="1123" HPOS="2273"> </SP>
                     <String WC="0.82333332300186157"
                             CONTENT="Common"
                             HEIGHT="34"
                             WIDTH="175"
                             VPOS="1123"
                             HPOS="2294">Common</String>
                     <SP WIDTH="23" VPOS="1122" HPOS="2470"> </SP>
                     <String WC="0.69700002670288086"
                             CONTENT="Particular"
                             HEIGHT="36"
                             WIDTH="210"
                             VPOS="1119"
                             HPOS="2494">Particular</String>
                     <SP WIDTH="22" VPOS="1121" HPOS="2705"> </SP>
                     <String WC="0.86166667938232422"
                             CONTENT="Metre."
                             HEIGHT="34"
                             WIDTH="129"
                             VPOS="1121"
                             HPOS="2728">Metre.</String>
                     <SP WIDTH="45" VPOS="1122" HPOS="2858"> </SP>
                     <String WC="1."
                             CONTENT="A"
                             HEIGHT="33"
                             WIDTH="34"
                             VPOS="1121"
                             HPOS="2904">A</String>
                     <SP WIDTH="21" VPOS="1121" HPOS="2939"> </SP>
                     <String WC="0.90666669607162476"
                             CONTENT="stanza"
                             HEIGHT="33"
                             WIDTH="126"
                             VPOS="1120"
                             HPOS="2961">stanza</String>
                     <SP WIDTH="21" VPOS="1129" HPOS="3088"> </SP>
                     <String WC="0.51999998092651367"
                             CONTENT="of"
                             HEIGHT="33"
                             WIDTH="41"
                             VPOS="1118"
                             HPOS="3110">of</String>
                     <SP WIDTH="22" VPOS="1117" HPOS="3152"> </SP>
                     <String WC="0.9100000262260437"
                             CONTENT="six"
                             HEIGHT="32"
                             WIDTH="54"
                             VPOS="1119"
                             HPOS="3175">six</String>
                     <SP WIDTH="20" VPOS="1119" HPOS="3230"> </SP>
                     <String WC="0.58833330869674683"
                             CONTENT="lines,"
                             HEIGHT="41"
                             WIDTH="101"
                             VPOS="1118"
                             HPOS="3251">lines,</String>
                     <SP WIDTH="23" VPOS="1119" HPOS="3353"> </SP>
                     <String WC="0.94499999284744263"
                             CONTENT="lambic"
                             HEIGHT="33"
                             WIDTH="137"
                             VPOS="1119"
                             HPOS="3377">lambic</String>
                     <SP WIDTH="21" VPOS="1129" HPOS="3515"> </SP>
                     <String WC="1."
                             CONTENT="meas"
                             HEIGHT="25"
                             WIDTH="98"
                             VPOS="1128"
                             HPOS="3537"
                             SUBS_TYPE="HypPart1"
                             SUBS_CONTENT="measure,">meas</String>
                     <HYP CONTENT="­"/>
                  </TextLine>
                  <TextLine HEIGHT="52" WIDTH="948" VPOS="1176" HPOS="1992">
                     <String WC="0.73250001668930054"
                             CONTENT="ure,"
                             HEIGHT="29"
                             WIDTH="76"
                             VPOS="1191"
                             HPOS="1992"
                             SUBS_TYPE="HypPart2"
                             SUBS_CONTENT="measure,">ure,</String>
                     <SP WIDTH="29" VPOS="1184" HPOS="2069"> </SP>
                     <String WC="1."
                             CONTENT="the"
                             HEIGHT="32"
                             WIDTH="60"
                             VPOS="1182"
                             HPOS="2099">the</String>
                     <SP WIDTH="29" VPOS="1192" HPOS="2159"> </SP>
                     <String WC="0.91888886690139771"
                             CONTENT="syllables"
                             HEIGHT="45"
                             WIDTH="170"
                             VPOS="1181"
                             HPOS="2189">syllables</String>
                     <SP WIDTH="32" VPOS="1182" HPOS="2359"> </SP>
                     <String WC="0.76999998092651367"
                             CONTENT="in"
                             HEIGHT="31"
                             WIDTH="36"
                             VPOS="1182"
                             HPOS="2391">in</String>
                     <SP WIDTH="30" VPOS="1192" HPOS="2427"> </SP>
                     <String WC="0.84500002861022949"
                             CONTENT="each"
                             HEIGHT="32"
                             WIDTH="88"
                             VPOS="1181"
                             HPOS="2458">each</String>
                     <SP WIDTH="29" VPOS="1181" HPOS="2546"> </SP>
                     <String WC="1."
                             CONTENT="being"
                             HEIGHT="43"
                             WIDTH="110"
                             VPOS="1181"
                             HPOS="2575">being</String>
                     <SP WIDTH="29" VPOS="1181" HPOS="2685"> </SP>
                     <String WC="0.78833335638046265"
                             CONTENT="8-8-6-8-S-6."
                             HEIGHT="34"
                             WIDTH="226"
                             VPOS="1179"
                             HPOS="2714">8-8-6-8-S-6.</String>
                  </TextLine>
                  <TextLine HEIGHT="57" WIDTH="1454" VPOS="1227" HPOS="2083">
                     <String WC="1."
                             CONTENT="C."
                             HEIGHT="34"
                             WIDTH="38"
                             VPOS="1236"
                             HPOS="2083">C.</String>
                     <SP WIDTH="26" VPOS="1238" HPOS="2122"> </SP>
                     <String WC="0.89499998092651367"
                             CONTENT="M."
                             HEIGHT="33"
                             WIDTH="50"
                             VPOS="1237"
                             HPOS="2149">M.</String>
                     <SP WIDTH="26" VPOS="1237" HPOS="2200"> </SP>
                     <String WC="0.76333332061767578"
                             CONTENT="D.,"
                             HEIGHT="40"
                             WIDTH="57"
                             VPOS="1237"
                             HPOS="2227">D.,</String>
                     <SP WIDTH="27" VPOS="1238" HPOS="2285"> </SP>
                     <String WC="0.95333331823348999"
                             CONTENT="Common"
                             HEIGHT="34"
                             WIDTH="173"
                             VPOS="1238"
                             HPOS="2313">Common</String>
                     <SP WIDTH="25" VPOS="1238" HPOS="2487"> </SP>
                     <String WC="0.87000000476837158"
                             CONTENT="Metre"
                             HEIGHT="33"
                             WIDTH="119"
                             VPOS="1237"
                             HPOS="2513">Metre</String>
                     <SP WIDTH="26" VPOS="1237" HPOS="2633"> </SP>
                     <String WC="0.78428572416305542"
                             CONTENT="Double."
                             HEIGHT="33"
                             WIDTH="154"
                             VPOS="1236"
                             HPOS="2660">Double.</String>
                     <SP WIDTH="50" VPOS="1236" HPOS="2815"> </SP>
                     <String WC="0.92799997329711914"
                             CONTENT="Eight"
                             HEIGHT="44"
                             WIDTH="113"
                             VPOS="1236"
                             HPOS="2866">Eight</String>
                     <SP WIDTH="26" VPOS="1236" HPOS="2980"> </SP>
                     <String WC="0.8880000114440918"
                             CONTENT="lines"
                             HEIGHT="36"
                             WIDTH="90"
                             VPOS="1234"
                             HPOS="3007">lines</String>
                     <SP WIDTH="27" VPOS="1246" HPOS="3098"> </SP>
                     <String WC="0.88999998569488525"
                             CONTENT="of"
                             HEIGHT="33"
                             WIDTH="40"
                             VPOS="1236"
                             HPOS="3126">of</String>
                     <SP WIDTH="27" VPOS="1235" HPOS="3167"> </SP>
                     <String WC="0.8933333158493042"
                             CONTENT="lambic"
                             HEIGHT="36"
                             WIDTH="137"
                             VPOS="1233"
                             HPOS="3195">lambic</String>
                     <SP WIDTH="26" VPOS="1245" HPOS="3333"> </SP>
                     <String WC="0.86250001192092896"
                             CONTENT="measure."
                             HEIGHT="23"
                             WIDTH="177"
                             VPOS="1244"
                             HPOS="3360">measure.</String>
                  </TextLine>
                  <TextLine HEIGHT="63" WIDTH="1570" VPOS="1281" HPOS="2082">
                     <String WC="0.9649999737739563"
                             CONTENT="M."
                             HEIGHT="33"
                             WIDTH="49"
                             VPOS="1293"
                             HPOS="2082">M.</String>
                     <SP WIDTH="20" VPOS="1293" HPOS="2132"> </SP>
                     <String WC="1."
                             CONTENT="T."
                             HEIGHT="32"
                             WIDTH="39"
                             VPOS="1293"
                             HPOS="2153">T.</String>
                     <SP WIDTH="19" VPOS="1304" HPOS="2193"> </SP>
                     <String WC="0.85199999809265137"
                             CONTENT="means"
                             HEIGHT="26"
                             WIDTH="123"
                             VPOS="1303"
                             HPOS="2213">means</String>
                     <SP WIDTH="20" VPOS="1306" HPOS="2337"> </SP>
                     <String WC="0.76399999856948853"
                             CONTENT="metre"
                             HEIGHT="32"
                             WIDTH="114"
                             VPOS="1296"
                             HPOS="2358">metre</String>
                     <SP WIDTH="22" VPOS="1294" HPOS="2473"> </SP>
                     <String WC="0.88999998569488525"
                             CONTENT="12’s,"
                             HEIGHT="40"
                             WIDTH="81"
                             VPOS="1293"
                             HPOS="2496">12’s,</String>
                     <SP WIDTH="20" VPOS="1293" HPOS="2578"> </SP>
                     <String WC="0.85799998044967651"
                             CONTENT="designated"
                             HEIGHT="44"
                             WIDTH="214"
                             VPOS="1292"
                             HPOS="2599">designated</String>
                     <SP WIDTH="21" VPOS="1292" HPOS="2814"> </SP>
                     <String WC="0.80000001192092896"
                             CONTENT="at"
                             HEIGHT="29"
                             WIDTH="39"
                             VPOS="1296"
                             HPOS="2836">at</String>
                     <SP WIDTH="20" VPOS="1294" HPOS="2876"> </SP>
                     <String WC="0.98500001430511475"
                             CONTENT="12-12,"
                             HEIGHT="39"
                             WIDTH="113"
                             VPOS="1293"
                             HPOS="2897">12-12,</String>
                     <SP WIDTH="21" VPOS="1301" HPOS="3011"> </SP>
                     <String WC="0.74900001287460327"
                             CONTENT="consisting"
                             HEIGHT="50"
                             WIDTH="199"
                             VPOS="1288"
                             HPOS="3033">consisting</String>
                     <SP WIDTH="18" VPOS="1302" HPOS="3233"> </SP>
                     <String WC="0.69999998807907104"
                             CONTENT="of"
                             HEIGHT="34"
                             WIDTH="41"
                             VPOS="1290"
                             HPOS="3252">of</String>
                     <SP WIDTH="20" VPOS="1290" HPOS="3294"> </SP>
                     <String WC="1."
                             CONTENT="a"
                             HEIGHT="21"
                             WIDTH="20"
                             VPOS="1301"
                             HPOS="3315">a</String>
                     <SP WIDTH="21" VPOS="1300" HPOS="3336"> </SP>
                     <String WC="0.87999999523162842"
                             CONTENT="stanza"
                             HEIGHT="31"
                             WIDTH="125"
                             VPOS="1293"
                             HPOS="3358">stanza</String>
                     <SP WIDTH="18" VPOS="1301" HPOS="3484"> </SP>
                     <String WC="0.375"
                             CONTENT="of"
                             HEIGHT="33"
                             WIDTH="42"
                             VPOS="1290"
                             HPOS="3503">of</String>
                     <SP WIDTH="20" VPOS="1289" HPOS="3546"> </SP>
                     <String WC="0.81499999761581421"
                             CONTENT="four"
                             HEIGHT="34"
                             WIDTH="85"
                             VPOS="1289"
                             HPOS="3567">four</String>
                  </TextLine>
                  <TextLine HEIGHT="58" WIDTH="1142" VPOS="1340" HPOS="1994">
                     <String WC="0.9179999828338623"
                             CONTENT="lines"
                             HEIGHT="34"
                             WIDTH="89"
                             VPOS="1349"
                             HPOS="1994">lines</String>
                     <SP WIDTH="19" VPOS="1350" HPOS="2084"> </SP>
                     <String WC="0.4050000011920929"
                             CONTENT="in"
                             HEIGHT="31"
                             WIDTH="36"
                             VPOS="1350"
                             HPOS="2104">in</String>
                     <SP WIDTH="19" VPOS="1360" HPOS="2141"> </SP>
                     <String WC="0.83700001239776611"
                             CONTENT="anapestic,"
                             HEIGHT="46"
                             WIDTH="199"
                             VPOS="1349"
                             HPOS="2161">anapestic,</String>
                     <SP WIDTH="17" VPOS="1361" HPOS="2361"> </SP>
                     <String WC="0.7850000262260437"
                             CONTENT="each"
                             HEIGHT="32"
                             WIDTH="86"
                             VPOS="1350"
                             HPOS="2379">each</String>
                     <SP WIDTH="19" VPOS="1349" HPOS="2466"> </SP>
                     <String WC="0.94249999523162842"
                             CONTENT="line"
                             HEIGHT="34"
                             WIDTH="70"
                             VPOS="1349"
                             HPOS="2486">line</String>
                     <SP WIDTH="19" VPOS="1360" HPOS="2557"> </SP>
                     <String WC="0.82300001382827759"
                             CONTENT="containing"
                             HEIGHT="44"
                             WIDTH="211"
                             VPOS="1348"
                             HPOS="2577">containing</String>
                     <SP WIDTH="18" VPOS="1351" HPOS="2789"> </SP>
                     <String WC="0.98333334922790527"
                             CONTENT="twelve"
                             HEIGHT="34"
                             WIDTH="126"
                             VPOS="1347"
                             HPOS="2808">twelve</String>
                     <SP WIDTH="20" VPOS="1358" HPOS="2935"> </SP>
                     <String WC="0.77700001001358032"
                             CONTENT="syllables."
                             HEIGHT="49"
                             WIDTH="180"
                             VPOS="1344"
                             HPOS="2956">syllables.</String>
                  </TextLine>
                  <TextLine HEIGHT="64" WIDTH="1569" VPOS="1392" HPOS="2083">
                     <String WC="0.74333333969116211"
                             CONTENT="Metres"
                             HEIGHT="32"
                             WIDTH="137"
                             VPOS="1406"
                             HPOS="2083">Metres</String>
                     <SP WIDTH="28" VPOS="1406" HPOS="2221"> </SP>
                     <String WC="0.85000002384185791"
                             CONTENT="8"
                             HEIGHT="30"
                             WIDTH="20"
                             VPOS="1406"
                             HPOS="2250">8</String>
                     <SP WIDTH="28" VPOS="1406" HPOS="2271"> </SP>
                     <String WC="0.62333333492279053"
                             CONTENT="and"
                             HEIGHT="34"
                             WIDTH="72"
                             VPOS="1404"
                             HPOS="2300">and</String>
                     <SP WIDTH="30" VPOS="1405" HPOS="2373"> </SP>
                     <String WC="0.55666667222976685"
                             CONTENT="7s,"
                             HEIGHT="38"
                             WIDTH="48"
                             VPOS="1406"
                             HPOS="2404">7s,</String>
                     <SP WIDTH="27" VPOS="1415" HPOS="2453"> </SP>
                     <String WC="0.77399998903274536"
                             CONTENT="consisting"
                             HEIGHT="46"
                             WIDTH="200"
                             VPOS="1403"
                             HPOS="2481">consisting</String>
                     <SP WIDTH="27" VPOS="1414" HPOS="2682"> </SP>
                     <String WC="0.70999997854232788"
                             CONTENT="of"
                             HEIGHT="32"
                             WIDTH="41"
                             VPOS="1404"
                             HPOS="2710">of</String>
                     <SP WIDTH="29" VPOS="1403" HPOS="2752"> </SP>
                     <String WC="0.6524999737739563"
                             CONTENT="four"
                             HEIGHT="34"
                             WIDTH="85"
                             VPOS="1403"
                             HPOS="2782">four</String>
                     <SP WIDTH="28" VPOS="1405" HPOS="2868"> </SP>
                     <String WC="0.68199998140335083"
                             CONTENT="lines"
                             HEIGHT="33"
                             WIDTH="89"
                             VPOS="1404"
                             HPOS="2897">lines</String>
                     <SP WIDTH="29" VPOS="1404" HPOS="2987"> </SP>
                     <String WC="1."
                             CONTENT="in"
                             HEIGHT="32"
                             WIDTH="37"
                             VPOS="1403"
                             HPOS="3017">in</String>
                     <SP WIDTH="27" VPOS="1404" HPOS="3055"> </SP>
                     <String WC="0.59874999523162842"
                             CONTENT="trochaic"
                             HEIGHT="36"
                             WIDTH="161"
                             VPOS="1401"
                             HPOS="3083">trochaic</String>
                     <SP WIDTH="28" VPOS="1412" HPOS="3245"> </SP>
                     <String WC="0.88875001668930054"
                             CONTENT="measure,"
                             HEIGHT="32"
                             WIDTH="177"
                             VPOS="1411"
                             HPOS="3274">measure,</String>
                     <SP WIDTH="29" VPOS="1413" HPOS="3452"> </SP>
                     <String WC="0.93000000715255737"
                             CONTENT="syllables"
                             HEIGHT="47"
                             WIDTH="170"
                             VPOS="1400"
                             HPOS="3482">syllables</String>
                  </TextLine>
                  <TextLine HEIGHT="33" WIDTH="147" VPOS="1461" HPOS="1993">
                     <String WC="0.77625000476837158"
                             CONTENT="S-7-8-7."
                             HEIGHT="33"
                             WIDTH="147"
                             VPOS="1461"
                             HPOS="1993">S-7-8-7.</String>
                  </TextLine>
                  <TextLine HEIGHT="63" WIDTH="1572" VPOS="1505" HPOS="2081">
                     <String WC="0.93666666746139526"
                             CONTENT="Metres"
                             HEIGHT="33"
                             WIDTH="137"
                             VPOS="1517"
                             HPOS="2081">Metres</String>
                     <SP WIDTH="36" VPOS="1518" HPOS="2219"> </SP>
                     <String WC="0.73000001907348633"
                             CONTENT="11,"
                             HEIGHT="38"
                             WIDTH="52"
                             VPOS="1518"
                             HPOS="2256">11,</String>
                     <SP WIDTH="33" VPOS="1528" HPOS="2309"> </SP>
                     <String WC="0.62400001287460327"
                             CONTENT="consisting"
                             HEIGHT="44"
                             WIDTH="201"
                             VPOS="1516"
                             HPOS="2343">consisting</String>
                     <SP WIDTH="33" VPOS="1527" HPOS="2545"> </SP>
                     <String WC="0.66500002145767212"
                             CONTENT="of"
                             HEIGHT="33"
                             WIDTH="40"
                             VPOS="1516"
                             HPOS="2579">of</String>
                     <SP WIDTH="35" VPOS="1516" HPOS="2620"> </SP>
                     <String WC="0.67750000953674316"
                             CONTENT="four"
                             HEIGHT="32"
                             WIDTH="84"
                             VPOS="1516"
                             HPOS="2656">four</String>
                     <SP WIDTH="35" VPOS="1516" HPOS="2741"> </SP>
                     <String WC="0.62800002098083496"
                             CONTENT="lines"
                             HEIGHT="33"
                             WIDTH="89"
                             VPOS="1516"
                             HPOS="2777">lines</String>
                     <SP WIDTH="34" VPOS="1516" HPOS="2867"> </SP>
                     <String WC="1."
                             CONTENT="in"
                             HEIGHT="31"
                             WIDTH="37"
                             VPOS="1516"
                             HPOS="2902">in</String>
                     <SP WIDTH="35" VPOS="1527" HPOS="2940"> </SP>
                     <String WC="0.84399998188018799"
                             CONTENT="anapestic,"
                             HEIGHT="47"
                             WIDTH="199"
                             VPOS="1512"
                             HPOS="2976">anapestic,</String>
                     <SP WIDTH="33" VPOS="1525" HPOS="3176"> </SP>
                     <String WC="0.74500000476837158"
                             CONTENT="each"
                             HEIGHT="33"
                             WIDTH="87"
                             VPOS="1514"
                             HPOS="3210">each</String>
                     <SP WIDTH="34" VPOS="1512" HPOS="3298"> </SP>
                     <String WC="0.82249999046325684"
                             CONTENT="line"
                             HEIGHT="33"
                             WIDTH="71"
                             VPOS="1512"
                             HPOS="3333">line</String>
                     <SP WIDTH="35" VPOS="1523" HPOS="3405"> </SP>
                     <String WC="0.78799998760223389"
                             CONTENT="containing"
                             HEIGHT="46"
                             WIDTH="212"
                             VPOS="1513"
                             HPOS="3441">containing</String>
                  </TextLine>
                  <TextLine HEIGHT="46" WIDTH="331" VPOS="1571" HPOS="1993">
                     <String WC="0.83166664838790894"
                             CONTENT="eleven"
                             HEIGHT="34"
                             WIDTH="121"
                             VPOS="1572"
                             HPOS="1993">eleven</String>
                     <SP WIDTH="27" VPOS="1583" HPOS="2115"> </SP>
                     <String WC="0.74599999189376831"
                             CONTENT="syllables."
                             HEIGHT="44"
                             WIDTH="181"
                             VPOS="1573"
                             HPOS="2143">syllables.</String>
                  </TextLine>
                  <TextLine HEIGHT="64" WIDTH="1571" VPOS="1616" HPOS="2081">
                     <String WC="0.83166664838790894"
                             CONTENT="Metres"
                             HEIGHT="33"
                             WIDTH="136"
                             VPOS="1629"
                             HPOS="2081">Metres</String>
                     <SP WIDTH="33" VPOS="1630" HPOS="2218"> </SP>
                     <String WC="0.84333330392837524"
                             CONTENT="7s,"
                             HEIGHT="38"
                             WIDTH="49"
                             VPOS="1630"
                             HPOS="2252">7s,</String>
                     <SP WIDTH="32" VPOS="1640" HPOS="2302"> </SP>
                     <String WC="0.72750002145767212"
                             CONTENT="consists"
                             HEIGHT="34"
                             WIDTH="152"
                             VPOS="1629"
                             HPOS="2335">consists</String>
                     <SP WIDTH="34" VPOS="1639" HPOS="2488"> </SP>
                     <String WC="0.7149999737739563"
                             CONTENT="of"
                             HEIGHT="33"
                             WIDTH="41"
                             VPOS="1628"
                             HPOS="2523">of</String>
                     <SP WIDTH="33" VPOS="1628" HPOS="2565"> </SP>
                     <String WC="0.69999998807907104"
                             CONTENT="four"
                             HEIGHT="32"
                             WIDTH="85"
                             VPOS="1628"
                             HPOS="2599">four</String>
                     <SP WIDTH="31" VPOS="1627" HPOS="2685"> </SP>
                     <String WC="0.88200002908706665"
                             CONTENT="lines"
                             HEIGHT="33"
                             WIDTH="90"
                             VPOS="1627"
                             HPOS="2717">lines</String>
                     <SP WIDTH="31" VPOS="1627" HPOS="2808"> </SP>
                     <String WC="0.48500001430511475"
                             CONTENT="in"
                             HEIGHT="32"
                             WIDTH="37"
                             VPOS="1628"
                             HPOS="2840">in</String>
                     <SP WIDTH="33" VPOS="1630" HPOS="2878"> </SP>
                     <String WC="0.67750000953674316"
                             CONTENT="trochaic"
                             HEIGHT="34"
                             WIDTH="160"
                             VPOS="1626"
                             HPOS="2912">trochaic</String>
                     <SP WIDTH="31" VPOS="1636" HPOS="3073"> </SP>
                     <String WC="0.76499998569488525"
                             CONTENT="measure,"
                             HEIGHT="34"
                             WIDTH="178"
                             VPOS="1634"
                             HPOS="3105">measure,</String>
                     <SP WIDTH="33" VPOS="1635" HPOS="3284"> </SP>
                     <String WC="0.68250000476837158"
                             CONTENT="each"
                             HEIGHT="34"
                             WIDTH="87"
                             VPOS="1625"
                             HPOS="3318">each</String>
                     <SP WIDTH="33" VPOS="1626" HPOS="3406"> </SP>
                     <String WC="0.75199997425079346"
                             CONTENT="containing"
                             HEIGHT="47"
                             WIDTH="212"
                             VPOS="1624"
                             HPOS="3440">containing</String>
                  </TextLine>
                  <TextLine HEIGHT="46" WIDTH="316" VPOS="1683" HPOS="1990">
                     <String WC="0.88400000333786011"
                             CONTENT="seven"
                             HEIGHT="25"
                             WIDTH="108"
                             VPOS="1694"
                             HPOS="1990">seven</String>
                     <SP WIDTH="29" VPOS="1695" HPOS="2097"> </SP>
                     <String WC="0.85399997234344482"
                             CONTENT="syllables."
                             HEIGHT="44"
                             WIDTH="181"
                             VPOS="1685"
                             HPOS="2125">syllables.</String>
                  </TextLine>
                  <TextLine HEIGHT="40" WIDTH="887" VPOS="1748" HPOS="2078">
                     <String WC="0.93166667222976685"
                             CONTENT="Metres"
                             HEIGHT="33"
                             WIDTH="137"
                             VPOS="1752"
                             HPOS="2078">Metres</String>
                     <SP WIDTH="20" VPOS="1754" HPOS="2216"> </SP>
                     <String WC="0.69999998807907104"
                             CONTENT="6"
                             HEIGHT="29"
                             WIDTH="19"
                             VPOS="1754"
                             HPOS="2237">6</String>
                     <SP WIDTH="20" VPOS="1754" HPOS="2257"> </SP>
                     <String WC="1."
                             CONTENT="and"
                             HEIGHT="33"
                             WIDTH="72"
                             VPOS="1752"
                             HPOS="2278">and</String>
                     <SP WIDTH="20" VPOS="1752" HPOS="2351"> </SP>
                     <String WC="0.92500001192092896"
                             CONTENT="7s"
                             HEIGHT="30"
                             WIDTH="36"
                             VPOS="1755"
                             HPOS="2372">7s</String>
                     <SP WIDTH="20" VPOS="1762" HPOS="2409"> </SP>
                     <String WC="0.88499999046325684"
                             CONTENT="consists"
                             HEIGHT="34"
                             WIDTH="154"
                             VPOS="1752"
                             HPOS="2430">consists</String>
                     <SP WIDTH="19" VPOS="1754" HPOS="2585"> </SP>
                     <String WC="0.68500000238418579"
                             CONTENT="in"
                             HEIGHT="32"
                             WIDTH="38"
                             VPOS="1753"
                             HPOS="2605">in</String>
                     <SP WIDTH="17" VPOS="1762" HPOS="2644"> </SP>
                     <String WC="0.84428572654724121"
                             CONTENT="numbers"
                             HEIGHT="34"
                             WIDTH="172"
                             VPOS="1751"
                             HPOS="2662">numbers</String>
                     <SP WIDTH="22" VPOS="1753" HPOS="2835"> </SP>
                     <String WC="0.67166668176651001"
                             CONTENT="7-6-6."
                             HEIGHT="33"
                             WIDTH="107"
                             VPOS="1752"
                             HPOS="2858">7-6-6.</String>
                  </TextLine>
                  <TextLine HEIGHT="63" WIDTH="1569" VPOS="1807" HPOS="2082">
                     <String WC="0.72600001096725464"
                             CONTENT="Metre"
                             HEIGHT="34"
                             WIDTH="119"
                             VPOS="1819"
                             HPOS="2082">Metre</String>
                     <SP WIDTH="24" VPOS="1820" HPOS="2202"> </SP>
                     <String WC="0.79000002145767212"
                             CONTENT="10"
                             HEIGHT="31"
                             WIDTH="40"
                             VPOS="1820"
                             HPOS="2227">10</String>
                     <SP WIDTH="23" VPOS="1821" HPOS="2268"> </SP>
                     <String WC="0.87333333492279053"
                             CONTENT="and"
                             HEIGHT="32"
                             WIDTH="72"
                             VPOS="1820"
                             HPOS="2292">and</String>
                     <SP WIDTH="24" VPOS="1819" HPOS="2365"> </SP>
                     <String WC="0.92500001192092896"
                             CONTENT="11"
                             HEIGHT="30"
                             WIDTH="37"
                             VPOS="1821"
                             HPOS="2390">11</String>
                     <SP WIDTH="26" VPOS="1821" HPOS="2428"> </SP>
                     <String WC="0.73444443941116333"
                             CONTENT="generally"
                             HEIGHT="46"
                             WIDTH="187"
                             VPOS="1818"
                             HPOS="2455">generally</String>
                     <SP WIDTH="20" VPOS="1830" HPOS="2643"> </SP>
                     <String WC="0.82999998331069946"
                             CONTENT="consist"
                             HEIGHT="32"
                             WIDTH="135"
                             VPOS="1820"
                             HPOS="2664">consist</String>
                     <SP WIDTH="24" VPOS="1821" HPOS="2800"> </SP>
                     <String WC="0.44499999284744263"
                             CONTENT="of"
                             HEIGHT="32"
                             WIDTH="40"
                             VPOS="1820"
                             HPOS="2825">of</String>
                     <SP WIDTH="23" VPOS="1819" HPOS="2866"> </SP>
                     <String WC="0.63499999046325684"
                             CONTENT="four"
                             HEIGHT="32"
                             WIDTH="84"
                             VPOS="1819"
                             HPOS="2890">four</String>
                     <SP WIDTH="22" VPOS="1819" HPOS="2975"> </SP>
                     <String WC="0.8619999885559082"
                             CONTENT="lines"
                             HEIGHT="36"
                             WIDTH="89"
                             VPOS="1817"
                             HPOS="2998">lines</String>
                     <SP WIDTH="22" VPOS="1829" HPOS="3088"> </SP>
                     <String WC="0.52499997615814209"
                             CONTENT="of"
                             HEIGHT="33"
                             WIDTH="41"
                             VPOS="1817"
                             HPOS="3111">of</String>
                     <SP WIDTH="23" VPOS="1816" HPOS="3153"> </SP>
                     <String WC="0.86888891458511353"
                             CONTENT="anapestic"
                             HEIGHT="45"
                             WIDTH="187"
                             VPOS="1817"
                             HPOS="3177">anapestic</String>
                     <SP WIDTH="21" VPOS="1828" HPOS="3365"> </SP>
                     <String WC="0.82999998331069946"
                             CONTENT="measure,"
                             HEIGHT="33"
                             WIDTH="180"
                             VPOS="1825"
                             HPOS="3387">measure,</String>
                     <SP WIDTH="21" VPOS="1818" HPOS="3568"> </SP>
                     <String WC="0.91333335638046265"
                             CONTENT="the"
                             HEIGHT="35"
                             WIDTH="61"
                             VPOS="1814"
                             HPOS="3590">the</String>
                  </TextLine>
                  <TextLine HEIGHT="64" WIDTH="1660" VPOS="1873" HPOS="1993">
                     <String WC="0.85285717248916626"
                             CONTENT="numbers"
                             HEIGHT="36"
                             WIDTH="170"
                             VPOS="1884"
                             HPOS="1993">numbers</String>
                     <SP WIDTH="20" VPOS="1887" HPOS="2164"> </SP>
                     <String WC="0.99000000953674316"
                             CONTENT="being"
                             HEIGHT="45"
                             WIDTH="108"
                             VPOS="1886"
                             HPOS="2185">being</String>
                     <SP WIDTH="21" VPOS="1889" HPOS="2294"> </SP>
                     <String WC="0.85750001668930054"
                             CONTENT="10-10-11"
                             HEIGHT="33"
                             WIDTH="160"
                             VPOS="1887"
                             HPOS="2316">10-10-11</String>
                     <SP WIDTH="23" VPOS="1888" HPOS="2477"> </SP>
                     <String WC="0.90666669607162476"
                             CONTENT="11,"
                             HEIGHT="40"
                             WIDTH="52"
                             VPOS="1887"
                             HPOS="2501">11,</String>
                     <SP WIDTH="19" VPOS="1899" HPOS="2554"> </SP>
                     <String WC="0.62999999523162842"
                             CONTENT="or"
                             HEIGHT="22"
                             WIDTH="42"
                             VPOS="1899"
                             HPOS="2574">or</String>
                     <SP WIDTH="19" VPOS="1899" HPOS="2617"> </SP>
                     <String WC="0.81000000238418579"
                             CONTENT="six"
                             HEIGHT="36"
                             WIDTH="53"
                             VPOS="1886"
                             HPOS="2637">six</String>
                     <SP WIDTH="18" VPOS="1886" HPOS="2691"> </SP>
                     <String WC="0.79199999570846558"
                             CONTENT="lines"
                             HEIGHT="33"
                             WIDTH="90"
                             VPOS="1886"
                             HPOS="2710">lines</String>
                     <SP WIDTH="21" VPOS="1887" HPOS="2801"> </SP>
                     <String WC="0.70499998331069946"
                             CONTENT="in"
                             HEIGHT="32"
                             WIDTH="36"
                             VPOS="1888"
                             HPOS="2823">in</String>
                     <SP WIDTH="21" VPOS="1886" HPOS="2860"> </SP>
                     <String WC="0.73333334922790527"
                             CONTENT="lambic"
                             HEIGHT="34"
                             WIDTH="139"
                             VPOS="1885"
                             HPOS="2882">lambic</String>
                     <SP WIDTH="20" VPOS="1895" HPOS="3022"> </SP>
                     <String WC="1."
                             CONTENT="as"
                             HEIGHT="24"
                             WIDTH="38"
                             VPOS="1895"
                             HPOS="3043">as</String>
                     <SP WIDTH="23" VPOS="1886" HPOS="3082"> </SP>
                     <String WC="0.88375002145767212"
                             CONTENT="follows:"
                             HEIGHT="37"
                             WIDTH="157"
                             VPOS="1882"
                             HPOS="3106">follows:</String>
                     <SP WIDTH="21" VPOS="1886" HPOS="3264"> </SP>
                     <String WC="0.93000000715255737"
                             CONTENT="10-10"
                             HEIGHT="33"
                             WIDTH="103"
                             VPOS="1885"
                             HPOS="3286">10-10</String>
                     <SP WIDTH="20" VPOS="1886" HPOS="3390"> </SP>
                     <String WC="0.81000000238418579"
                             CONTENT="10"
                             HEIGHT="32"
                             WIDTH="41"
                             VPOS="1885"
                             HPOS="3411">10</String>
                     <SP WIDTH="22" VPOS="1885" HPOS="3453"> </SP>
                     <String WC="0.88999998569488525"
                             CONTENT="10-11-11."
                             HEIGHT="39"
                             WIDTH="177"
                             VPOS="1883"
                             HPOS="3476">10-11-11.</String>
                  </TextLine>
                  <TextLine HEIGHT="42" WIDTH="626" VPOS="1949" HPOS="2506">
                     <String WC="0.82800000905990601"
                             CONTENT="SIGNS"
                             HEIGHT="35"
                             WIDTH="148"
                             VPOS="1954"
                             HPOS="2506">SIGNS</String>
                     <SP WIDTH="38" VPOS="1955" HPOS="2654"> </SP>
                     <String WC="0.97750002145767212"
                             CONTENT="USED"
                             HEIGHT="34"
                             WIDTH="136"
                             VPOS="1955"
                             HPOS="2692">USED</String>
                     <SP WIDTH="38" VPOS="1956" HPOS="2828"> </SP>
                     <String WC="0.99000000953674316"
                             CONTENT="IN"
                             HEIGHT="32"
                             WIDTH="57"
                             VPOS="1955"
                             HPOS="2866">IN</String>
                     <SP WIDTH="38" VPOS="1955" HPOS="2923"> </SP>
                     <String WC="0.89166665077209473"
                             CONTENT="MUSIC."
                             HEIGHT="37"
                             WIDTH="171"
                             VPOS="1951"
                             HPOS="2961">MUSIC.</String>
                  </TextLine>
                  <TextLine HEIGHT="64" WIDTH="1419" VPOS="2010" HPOS="2233">
                     <String WC="1."
                             CONTENT="A"
                             HEIGHT="32"
                             WIDTH="34"
                             VPOS="2023"
                             HPOS="2233">A</String>
                     <SP WIDTH="19" VPOS="2022" HPOS="2268"> </SP>
                     <String WC="1."
                             CONTENT="dot"
                             HEIGHT="32"
                             WIDTH="64"
                             VPOS="2024"
                             HPOS="2288">dot</String>
                     <SP WIDTH="18" VPOS="2026" HPOS="2353"> </SP>
                     <String WC="0.93000000715255737"
                             CONTENT="above"
                             HEIGHT="33"
                             WIDTH="113"
                             VPOS="2022"
                             HPOS="2372">above</String>
                     <SP WIDTH="18" VPOS="2034" HPOS="2486"> </SP>
                     <String WC="0.43000000715255737"
                             CONTENT="or"
                             HEIGHT="22"
                             WIDTH="41"
                             VPOS="2033"
                             HPOS="2505">or</String>
                     <SP WIDTH="17" VPOS="2022" HPOS="2547"> </SP>
                     <String WC="0.91399997472763062"
                             CONTENT="below"
                             HEIGHT="34"
                             WIDTH="113"
                             VPOS="2023"
                             HPOS="2565">below</String>
                     <SP WIDTH="19" VPOS="2033" HPOS="2679"> </SP>
                     <String WC="1."
                             CONTENT="a"
                             HEIGHT="21"
                             WIDTH="21"
                             VPOS="2033"
                             HPOS="2699">a</String>
                     <SP WIDTH="18" VPOS="2033" HPOS="2721"> </SP>
                     <String WC="0.85000002384185791"
                             CONTENT="note"
                             HEIGHT="31"
                             WIDTH="84"
                             VPOS="2025"
                             HPOS="2740">note</String>
                     <SP WIDTH="19" VPOS="2034" HPOS="2825"> </SP>
                     <String WC="0.4699999988079071"
                             CONTENT="or"
                             HEIGHT="22"
                             WIDTH="41"
                             VPOS="2033"
                             HPOS="2845">or</String>
                     <SP WIDTH="20" VPOS="2033" HPOS="2887"> </SP>
                     <String WC="0.69749999046325684"
                             CONTENT="rest"
                             HEIGHT="31"
                             WIDTH="75"
                             VPOS="2025"
                             HPOS="2908">rest</String>
                     <SP WIDTH="19" VPOS="2024" HPOS="2984"> </SP>
                     <String WC="0.85222220420837402"
                             CONTENT="signifies"
                             HEIGHT="47"
                             WIDTH="159"
                             VPOS="2019"
                             HPOS="3004">signifies</String>
                     <SP WIDTH="20" VPOS="2029" HPOS="3164"> </SP>
                     <String WC="0.8888888955116272"
                             CONTENT="staccato."
                             HEIGHT="35"
                             WIDTH="173"
                             VPOS="2020"
                             HPOS="3185">staccato.</String>
                     <SP WIDTH="25" VPOS="2020" HPOS="3359"> </SP>
                     <String WC="0.90399998426437378"
                             CONTENT="(It.)"
                             HEIGHT="45"
                             WIDTH="87"
                             VPOS="2019"
                             HPOS="3385">(It.)</String>
                     <SP WIDTH="53" VPOS="2019" HPOS="3473"> </SP>
                     <String WC="0.83333331346511841"
                             CONTENT="(Star-"
                             HEIGHT="46"
                             WIDTH="125"
                             VPOS="2017"
                             HPOS="3527">(Star-</String>
                  </TextLine>
                  <TextLine HEIGHT="57" WIDTH="1175" VPOS="2091" HPOS="1990">
                     <String WC="0.85857141017913818"
                             CONTENT="ka-to.)"
                             HEIGHT="45"
                             WIDTH="135"
                             VPOS="2095"
                             HPOS="1990">ka-to.)</String>
                     <SP WIDTH="56" VPOS="2097" HPOS="2126"> </SP>
                     <String WC="0.78333336114883423"
                             CONTENT="Detached,"
                             HEIGHT="42"
                             WIDTH="201"
                             VPOS="2099"
                             HPOS="2183">Detached,</String>
                     <SP WIDTH="29" VPOS="2102" HPOS="2385"> </SP>
                     <String WC="0.79333335161209106"
                             CONTENT="distinct,"
                             HEIGHT="40"
                             WIDTH="161"
                             VPOS="2101"
                             HPOS="2415">distinct,</String>
                     <SP WIDTH="26" VPOS="2112" HPOS="2577"> </SP>
                     <String WC="0.83749997615814209"
                             CONTENT="separate"
                             HEIGHT="41"
                             WIDTH="172"
                             VPOS="2104"
                             HPOS="2604">separate</String>
                     <SP WIDTH="29" VPOS="2101" HPOS="2777"> </SP>
                     <String WC="0.40999999642372131"
                             CONTENT="from"
                             HEIGHT="34"
                             WIDTH="96"
                             VPOS="2100"
                             HPOS="2807">from</String>
                     <SP WIDTH="29" VPOS="2112" HPOS="2904"> </SP>
                     <String WC="0.68000000715255737"
                             CONTENT="each"
                             HEIGHT="34"
                             WIDTH="86"
                             VPOS="2099"
                             HPOS="2934">each</String>
                     <SP WIDTH="31" VPOS="2099" HPOS="3021"> </SP>
                     <String WC="0.67166668176651001"
                             CONTENT="other."
                             HEIGHT="36"
                             WIDTH="112"
                             VPOS="2097"
                             HPOS="3053">other.</String>
                  </TextLine>
                  <TextLine HEIGHT="57" WIDTH="1124" VPOS="2158" HPOS="2082">
                     <String WC="1."
                             CONTENT="A"
                             HEIGHT="32"
                             WIDTH="34"
                             VPOS="2164"
                             HPOS="2082">A</String>
                     <SP WIDTH="23" VPOS="2164" HPOS="2117"> </SP>
                     <String WC="0.8566666841506958"
                             CONTENT="dot"
                             HEIGHT="34"
                             WIDTH="64"
                             VPOS="2166"
                             HPOS="2141">dot</String>
                     <SP WIDTH="159" VPOS="2168" HPOS="2206"> </SP>
                     <String WC="0.72399997711181641"
                             CONTENT="after"
                             HEIGHT="32"
                             WIDTH="100"
                             VPOS="2169"
                             HPOS="2366">after</String>
                     <SP WIDTH="22" VPOS="2180" HPOS="2467"> </SP>
                     <String WC="1."
                             CONTENT="a"
                             HEIGHT="21"
                             WIDTH="19"
                             VPOS="2180"
                             HPOS="2490">a</String>
                     <SP WIDTH="21" VPOS="2179" HPOS="2510"> </SP>
                     <String WC="0.69249999523162842"
                             CONTENT="note"
                             HEIGHT="32"
                             WIDTH="84"
                             VPOS="2170"
                             HPOS="2532">note</String>
                     <SP WIDTH="22" VPOS="2179" HPOS="2617"> </SP>
                     <String WC="0.38999998569488525"
                             CONTENT="or"
                             HEIGHT="22"
                             WIDTH="40"
                             VPOS="2179"
                             HPOS="2640">or</String>
                     <SP WIDTH="22" VPOS="2179" HPOS="2681"> </SP>
                     <String WC="0.88249999284744263"
                             CONTENT="rest"
                             HEIGHT="29"
                             WIDTH="75"
                             VPOS="2171"
                             HPOS="2704">rest</String>
                     <SP WIDTH="21" VPOS="2169" HPOS="2780"> </SP>
                     <String WC="0.72000002861022949"
                             CONTENT="is"
                             HEIGHT="33"
                             WIDTH="30"
                             VPOS="2169"
                             HPOS="2802">is</String>
                     <SP WIDTH="24" VPOS="2179" HPOS="2833"> </SP>
                     <String WC="1."
                             CONTENT="a"
                             HEIGHT="21"
                             WIDTH="20"
                             VPOS="2179"
                             HPOS="2858">a</String>
                     <SP WIDTH="23" VPOS="2179" HPOS="2879"> </SP>
                     <String WC="0.9649999737739563"
                             CONTENT="sign"
                             HEIGHT="42"
                             WIDTH="80"
                             VPOS="2169"
                             HPOS="2903">sign</String>
                     <SP WIDTH="22" VPOS="2177" HPOS="2984"> </SP>
                     <String WC="0.79500001668930054"
                             CONTENT="of"
                             HEIGHT="31"
                             WIDTH="41"
                             VPOS="2167"
                             HPOS="3007">of</String>
                     <SP WIDTH="20" VPOS="2165" HPOS="3049"> </SP>
                     <String WC="0.87428569793701172"
                             CONTENT="length."
                             HEIGHT="47"
                             WIDTH="136"
                             VPOS="2163"
                             HPOS="3070">length.</String>
                  </TextLine>
                  <TextLine HEIGHT="57" WIDTH="1234" VPOS="2227" HPOS="2152">
                     <String WC="1."
                             CONTENT="A"
                             HEIGHT="32"
                             WIDTH="35"
                             VPOS="2240"
                             HPOS="2152">A</String>
                     <SP WIDTH="23" VPOS="2240" HPOS="2187"> </SP>
                     <String WC="0.92500001192092896"
                             CONTENT="dash"
                             HEIGHT="34"
                             WIDTH="91"
                             VPOS="2239"
                             HPOS="2210">dash</String>
                     <SP WIDTH="21" VPOS="2240" HPOS="2301"> </SP>
                     <String WC="1."
                             CONTENT="a"
                             HEIGHT="21"
                             WIDTH="21"
                             VPOS="2250"
                             HPOS="2322">a</String>
                     <SP WIDTH="20" VPOS="2239" HPOS="2343"> </SP>
                     <String WC="0.79250001907348633"
                             CONTENT="bove"
                             HEIGHT="34"
                             WIDTH="91"
                             VPOS="2238"
                             HPOS="2363">bove</String>
                     <SP WIDTH="21" VPOS="2248" HPOS="2454"> </SP>
                     <String WC="0.57999998331069946"
                             CONTENT="or"
                             HEIGHT="21"
                             WIDTH="42"
                             VPOS="2248"
                             HPOS="2475">or</String>
                     <SP WIDTH="20" VPOS="2237" HPOS="2517"> </SP>
                     <String WC="0.87800002098083496"
                             CONTENT="below"
                             HEIGHT="35"
                             WIDTH="115"
                             VPOS="2236"
                             HPOS="2537">below</String>
                     <SP WIDTH="21" VPOS="2249" HPOS="2652"> </SP>
                     <String WC="1."
                             CONTENT="a"
                             HEIGHT="21"
                             WIDTH="21"
                             VPOS="2248"
                             HPOS="2673">a</String>
                     <SP WIDTH="22" VPOS="2247" HPOS="2694"> </SP>
                     <String WC="0.89749997854232788"
                             CONTENT="note"
                             HEIGHT="30"
                             WIDTH="85"
                             VPOS="2238"
                             HPOS="2716">note</String>
                     <SP WIDTH="22" VPOS="2247" HPOS="2801"> </SP>
                     <String WC="0.7177777886390686"
                             CONTENT="signifies"
                             HEIGHT="44"
                             WIDTH="160"
                             VPOS="2236"
                             HPOS="2823">signifies</String>
                     <SP WIDTH="22" VPOS="2245" HPOS="2983"> </SP>
                     <String WC="0.8033333420753479"
                             CONTENT="staccato,"
                             HEIGHT="40"
                             WIDTH="175"
                             VPOS="2234"
                             HPOS="3004">staccato,</String>
                     <SP WIDTH="21" VPOS="2244" HPOS="3179"> </SP>
                     <String WC="0.94499999284744263"
                             CONTENT="as"
                             HEIGHT="22"
                             WIDTH="40"
                             VPOS="2244"
                             HPOS="3200">as</String>
                     <SP WIDTH="22" VPOS="2243" HPOS="3240"> </SP>
                     <String WC="0.98333334922790527"
                             CONTENT="above."
                             HEIGHT="35"
                             WIDTH="124"
                             VPOS="2231"
                             HPOS="3262">above.</String>
                  </TextLine>
                  <TextLine HEIGHT="53" WIDTH="1319" VPOS="2297" HPOS="2259">
                     <String WC="1."
                             CONTENT="A"
                             HEIGHT="33"
                             WIDTH="34"
                             VPOS="2312"
                             HPOS="2259">A</String>
                     <SP WIDTH="24" VPOS="2313" HPOS="2294"> </SP>
                     <String WC="0.61000001430511475"
                             CONTENT="slur"
                             HEIGHT="35"
                             WIDTH="76"
                             VPOS="2311"
                             HPOS="2319">slur</String>
                     <SP WIDTH="22" VPOS="2311" HPOS="2396"> </SP>
                     <String WC="0.82999998331069946"
                             CONTENT="bind"
                             HEIGHT="32"
                             WIDTH="88"
                             VPOS="2311"
                             HPOS="2419">bind</String>
                     <SP WIDTH="24" VPOS="2310" HPOS="2508"> </SP>
                     <String WC="0.92666667699813843"
                             CONTENT="tie"
                             HEIGHT="32"
                             WIDTH="49"
                             VPOS="2312"
                             HPOS="2533">tie</String>
                     <SP WIDTH="23" VPOS="2311" HPOS="2583"> </SP>
                     <String WC="0.73500001430511475"
                             CONTENT="is"
                             HEIGHT="32"
                             WIDTH="30"
                             VPOS="2312"
                             HPOS="2607">is</String>
                     <SP WIDTH="25" VPOS="2321" HPOS="2638"> </SP>
                     <String WC="1."
                             CONTENT="a"
                             HEIGHT="22"
                             WIDTH="21"
                             VPOS="2320"
                             HPOS="2664">a</String>
                     <SP WIDTH="23" VPOS="2320" HPOS="2686"> </SP>
                     <String WC="0.62000000476837158"
                             CONTENT="curve"
                             HEIGHT="23"
                             WIDTH="107"
                             VPOS="2320"
                             HPOS="2710">curve</String>
                     <SP WIDTH="25" VPOS="2310" HPOS="2818"> </SP>
                     <String WC="0.7839999794960022"
                             CONTENT="drawn"
                             HEIGHT="31"
                             WIDTH="125"
                             VPOS="2310"
                             HPOS="2843">drawn</String>
                     <SP WIDTH="24" VPOS="2319" HPOS="2969"> </SP>
                     <String WC="0.73000001907348633"
                             CONTENT="over"
                             HEIGHT="22"
                             WIDTH="84"
                             VPOS="2318"
                             HPOS="2994">over</String>
                     <SP WIDTH="23" VPOS="2317" HPOS="3079"> </SP>
                     <String WC="0.58499997854232788"
                             CONTENT="or"
                             HEIGHT="23"
                             WIDTH="42"
                             VPOS="2317"
                             HPOS="3103">or</String>
                     <SP WIDTH="22" VPOS="2318" HPOS="3146"> </SP>
                     <String WC="0.77600002288818359"
                             CONTENT="under"
                             HEIGHT="35"
                             WIDTH="117"
                             VPOS="2305"
                             HPOS="3169">under</String>
                     <SP WIDTH="24" VPOS="2308" HPOS="3287"> </SP>
                     <String WC="0.79333335161209106"
                             CONTENT="two"
                             HEIGHT="31"
                             WIDTH="71"
                             VPOS="2307"
                             HPOS="3312">two</String>
                     <SP WIDTH="26" VPOS="2315" HPOS="3384"> </SP>
                     <String WC="0.66500002145767212"
                             CONTENT="or"
                             HEIGHT="21"
                             WIDTH="41"
                             VPOS="2315"
                             HPOS="3411">or</String>
                     <SP WIDTH="23" VPOS="2315" HPOS="3453"> </SP>
                     <String WC="0.75499999523162842"
                             CONTENT="more"
                             HEIGHT="25"
                             WIDTH="101"
                             VPOS="2311"
                             HPOS="3477">more</String>
                  </TextLine>
                  <TextLine HEIGHT="69" WIDTH="1655" VPOS="2362" HPOS="1993">
                     <String WC="0.89999997615814209"
                             CONTENT="notes,"
                             HEIGHT="36"
                             WIDTH="114"
                             VPOS="2385"
                             HPOS="1993">notes,</String>
                     <SP WIDTH="25" VPOS="2393" HPOS="2107"> </SP>
                     <String WC="0.90299999713897705"
                             CONTENT="signifying"
                             HEIGHT="45"
                             WIDTH="202"
                             VPOS="2381"
                             HPOS="2132">signifying</String>
                     <SP WIDTH="23" VPOS="2384" HPOS="2333"> </SP>
                     <String WC="0.73750001192092896"
                             CONTENT="that"
                             HEIGHT="34"
                             WIDTH="83"
                             VPOS="2379"
                             HPOS="2356">that</String>
                     <SP WIDTH="24" VPOS="2382" HPOS="2438"> </SP>
                     <String WC="0.82749998569488525"
                             CONTENT="they"
                             HEIGHT="45"
                             WIDTH="86"
                             VPOS="2378"
                             HPOS="2461">they</String>
                     <SP WIDTH="24" VPOS="2389" HPOS="2547"> </SP>
                     <String WC="0.75666666030883789"
                             CONTENT="are"
                             HEIGHT="22"
                             WIDTH="62"
                             VPOS="2389"
                             HPOS="2571">are</String>
                     <SP WIDTH="25" VPOS="2381" HPOS="2633"> </SP>
                     <String WC="0.58499997854232788"
                             CONTENT="to"
                             HEIGHT="31"
                             WIDTH="38"
                             VPOS="2380"
                             HPOS="2658">to</String>
                     <SP WIDTH="24" VPOS="2377" HPOS="2696"> </SP>
                     <String WC="1."
                             CONTENT="be"
                             HEIGHT="32"
                             WIDTH="45"
                             VPOS="2377"
                             HPOS="2720">be</String>
                     <SP WIDTH="24" VPOS="2388" HPOS="2765"> </SP>
                     <String WC="0.87374997138977051"
                             CONTENT="executed"
                             HEIGHT="34"
                             WIDTH="175"
                             VPOS="2376"
                             HPOS="2789">executed</String>
                     <SP WIDTH="25" VPOS="2375" HPOS="2964"> </SP>
                     <String WC="0.90571427345275879"
                             CONTENT="legato."
                             HEIGHT="46"
                             WIDTH="134"
                             VPOS="2373"
                             HPOS="2989">legato.</String>
                     <SP WIDTH="48" VPOS="2375" HPOS="3123"> </SP>
                     <String WC="1."
                             CONTENT="A"
                             HEIGHT="32"
                             WIDTH="36"
                             VPOS="2374"
                             HPOS="3171">A</String>
                     <SP WIDTH="26" VPOS="2374" HPOS="3207"> </SP>
                     <String WC="0.89249998331069946"
                             CONTENT="slur"
                             HEIGHT="33"
                             WIDTH="76"
                             VPOS="2372"
                             HPOS="3233">slur</String>
                     <SP WIDTH="25" VPOS="2382" HPOS="3309"> </SP>
                     <String WC="0.86250001192092896"
                             CONTENT="over"
                             HEIGHT="25"
                             WIDTH="86"
                             VPOS="2380"
                             HPOS="3334">over</String>
                     <SP WIDTH="25" VPOS="2375" HPOS="3420"> </SP>
                     <String WC="0.85000002384185791"
                             CONTENT="two"
                             HEIGHT="30"
                             WIDTH="72"
                             VPOS="2374"
                             HPOS="3445">two</String>
                     <SP WIDTH="26" VPOS="2381" HPOS="3517"> </SP>
                     <String WC="0.87800002098083496"
                             CONTENT="notes"
                             HEIGHT="33"
                             WIDTH="105"
                             VPOS="2370"
                             HPOS="3543">notes</String>
                  </TextLine>
                  <TextLine HEIGHT="61" WIDTH="1657" VPOS="2429" HPOS="1990">
                     <String WC="0.7850000262260437"
                             CONTENT="is"
                             HEIGHT="34"
                             WIDTH="32"
                             VPOS="2449"
                             HPOS="1990">is</String>
                     <SP WIDTH="32" VPOS="2460" HPOS="2022"> </SP>
                     <String WC="0.80833333730697632"
                             CONTENT="called"
                             HEIGHT="34"
                             WIDTH="117"
                             VPOS="2448"
                             HPOS="2055">called</String>
                     <SP WIDTH="33" VPOS="2449" HPOS="2173"> </SP>
                     <String WC="1."
                             CONTENT="a"
                             HEIGHT="21"
                             WIDTH="21"
                             VPOS="2459"
                             HPOS="2207">a</String>
                     <SP WIDTH="31" VPOS="2458" HPOS="2229"> </SP>
                     <String WC="0.55800002813339233"
                             CONTENT="short"
                             HEIGHT="34"
                             WIDTH="101"
                             VPOS="2447"
                             HPOS="2261">short</String>
                     <SP WIDTH="29" VPOS="2449" HPOS="2363"> </SP>
                     <String WC="0.72399997711181641"
                             CONTENT="slur."
                             HEIGHT="33"
                             WIDTH="87"
                             VPOS="2445"
                             HPOS="2393">slur.</String>
                     <SP WIDTH="44" VPOS="2445" HPOS="2481"> </SP>
                     <String WC="1."
                             CONTENT="In"
                             HEIGHT="33"
                             WIDTH="43"
                             VPOS="2445"
                             HPOS="2526">In</String>
                     <SP WIDTH="31" VPOS="2455" HPOS="2570"> </SP>
                     <String WC="0.68800002336502075"
                             CONTENT="vocal"
                             HEIGHT="33"
                             WIDTH="102"
                             VPOS="2444"
                             HPOS="2602">vocal</String>
                     <SP WIDTH="30" VPOS="2444" HPOS="2705"> </SP>
                     <String WC="0.71749997138977051"
                             CONTENT="notation"
                             HEIGHT="33"
                             WIDTH="168"
                             VPOS="2443"
                             HPOS="2736">notation</String>
                     <SP WIDTH="31" VPOS="2444" HPOS="2905"> </SP>
                     <String WC="0.72000002861022949"
                             CONTENT="it"
                             HEIGHT="31"
                             WIDTH="30"
                             VPOS="2444"
                             HPOS="2937">it</String>
                     <SP WIDTH="30" VPOS="2444" HPOS="2968"> </SP>
                     <String WC="0.78666669130325317"
                             CONTENT="covers"
                             HEIGHT="26"
                             WIDTH="124"
                             VPOS="2449"
                             HPOS="2999">covers</String>
                     <SP WIDTH="31" VPOS="2450" HPOS="3124"> </SP>
                     <String WC="1."
                             CONTENT="a"
                             HEIGHT="23"
                             WIDTH="21"
                             VPOS="2450"
                             HPOS="3156">a</String>
                     <SP WIDTH="30" VPOS="2450" HPOS="3178"> </SP>
                     <String WC="0.67666667699813843"
                             CONTENT="number"
                             HEIGHT="35"
                             WIDTH="153"
                             VPOS="2438"
                             HPOS="3209">number</String>
                     <SP WIDTH="33" VPOS="2449" HPOS="3363"> </SP>
                     <String WC="0.7149999737739563"
                             CONTENT="of"
                             HEIGHT="31"
                             WIDTH="41"
                             VPOS="2439"
                             HPOS="3397">of</String>
                     <SP WIDTH="29" VPOS="2438" HPOS="3439"> </SP>
                     <String WC="0.92000001668930054"
                             CONTENT="notes"
                             HEIGHT="31"
                             WIDTH="104"
                             VPOS="2439"
                             HPOS="3469">notes</String>
                     <SP WIDTH="33" VPOS="2438" HPOS="3574"> </SP>
                     <String WC="1."
                             CONTENT="to"
                             HEIGHT="32"
                             WIDTH="39"
                             VPOS="2437"
                             HPOS="3608">to</String>
                  </TextLine>
                  <TextLine HEIGHT="50" WIDTH="473" VPOS="2509" HPOS="1991">
                     <String WC="1."
                             CONTENT="be"
                             HEIGHT="35"
                             WIDTH="45"
                             VPOS="2515"
                             HPOS="1991">be</String>
                     <SP WIDTH="22" VPOS="2526" HPOS="2037"> </SP>
                     <String WC="0.69999998807907104"
                             CONTENT="sung"
                             HEIGHT="32"
                             WIDTH="93"
                             VPOS="2526"
                             HPOS="2060">sung</String>
                     <SP WIDTH="20" VPOS="2516" HPOS="2154"> </SP>
                     <String WC="0.67500001192092896"
                             CONTENT="in"
                             HEIGHT="30"
                             WIDTH="38"
                             VPOS="2516"
                             HPOS="2174">in</String>
                     <SP WIDTH="21" VPOS="2525" HPOS="2212"> </SP>
                     <String WC="1."
                             CONTENT="one"
                             HEIGHT="23"
                             WIDTH="67"
                             VPOS="2524"
                             HPOS="2234">one</String>
                     <SP WIDTH="20" VPOS="2515" HPOS="2302"> </SP>
                     <String WC="0.78285712003707886"
                             CONTENT="breath."
                             HEIGHT="35"
                             WIDTH="142"
                             VPOS="2512"
                             HPOS="2322">breath.</String>
                  </TextLine>
                  <TextLine HEIGHT="65" WIDTH="1372" VPOS="2562" HPOS="2277">
                     <String WC="0.83499997854232788"
                             CONTENT="Crescendo."
                             HEIGHT="38"
                             WIDTH="213"
                             VPOS="2577"
                             HPOS="2277">Crescendo.</String>
                     <SP WIDTH="47" VPOS="2578" HPOS="2491"> </SP>
                     <String WC="0.91600000858306885"
                             CONTENT="(It.)"
                             HEIGHT="45"
                             WIDTH="85"
                             VPOS="2577"
                             HPOS="2539">(It.)</String>
                     <SP WIDTH="53" VPOS="2578" HPOS="2625"> </SP>
                     <String WC="0.83769232034683228"
                             CONTENT="(Kre-shendo.)"
                             HEIGHT="47"
                             WIDTH="281"
                             VPOS="2575"
                             HPOS="2679">(Kre-shendo.)</String>
                     <SP WIDTH="46" VPOS="2575" HPOS="2961"> </SP>
                     <String WC="0.98124998807907104"
                             CONTENT="Denoting"
                             HEIGHT="47"
                             WIDTH="186"
                             VPOS="2572"
                             HPOS="3008">Denoting</String>
                     <SP WIDTH="19" VPOS="2584" HPOS="3195"> </SP>
                     <String WC="0.99500000476837158"
                             CONTENT="an"
                             HEIGHT="21"
                             WIDTH="46"
                             VPOS="2584"
                             HPOS="3215">an</String>
                     <SP WIDTH="17" VPOS="2571" HPOS="3262"> </SP>
                     <String WC="0.80374997854232788"
                             CONTENT="increase"
                             HEIGHT="39"
                             WIDTH="163"
                             VPOS="2568"
                             HPOS="3280">increase</String>
                     <SP WIDTH="18" VPOS="2582" HPOS="3444"> </SP>
                     <String WC="0.8619999885559082"
                             CONTENT="power"
                             HEIGHT="35"
                             WIDTH="123"
                             VPOS="2580"
                             HPOS="3463">power</String>
                     <SP WIDTH="20" VPOS="2578" HPOS="3587"> </SP>
                     <String WC="0.93999999761581421"
                             CONTENT="of"
                             HEIGHT="33"
                             WIDTH="41"
                             VPOS="2569"
                             HPOS="3608">of</String>
                  </TextLine>
                  <TextLine HEIGHT="53" WIDTH="824" VPOS="2640" HPOS="1992">
                     <String WC="0.82599997520446777"
                             CONTENT="tone,"
                             HEIGHT="37"
                             WIDTH="96"
                             VPOS="2652"
                             HPOS="1992">tone,</String>
                     <SP WIDTH="19" VPOS="2660" HPOS="2089"> </SP>
                     <String WC="0.99000000953674316"
                             CONTENT="and"
                             HEIGHT="32"
                             WIDTH="71"
                             VPOS="2650"
                             HPOS="2109">and</String>
                     <SP WIDTH="20" VPOS="2651" HPOS="2181"> </SP>
                     <String WC="1."
                             CONTENT="is"
                             HEIGHT="31"
                             WIDTH="28"
                             VPOS="2651"
                             HPOS="2202">is</String>
                     <SP WIDTH="19" VPOS="2660" HPOS="2231"> </SP>
                     <String WC="0.97600001096725464"
                             CONTENT="often"
                             HEIGHT="34"
                             WIDTH="104"
                             VPOS="2649"
                             HPOS="2251">often</String>
                     <SP WIDTH="18" VPOS="2649" HPOS="2356"> </SP>
                     <String WC="0.92222219705581665"
                             CONTENT="indicated"
                             HEIGHT="36"
                             WIDTH="183"
                             VPOS="2645"
                             HPOS="2375">indicated</String>
                     <SP WIDTH="18" VPOS="2645" HPOS="2559"> </SP>
                     <String WC="0.88999998569488525"
                             CONTENT="by"
                             HEIGHT="43"
                             WIDTH="48"
                             VPOS="2645"
                             HPOS="2578">by</String>
                     <SP WIDTH="17" VPOS="2647" HPOS="2627"> </SP>
                     <String WC="0.65666669607162476"
                             CONTENT="the"
                             HEIGHT="33"
                             WIDTH="61"
                             VPOS="2644"
                             HPOS="2645">the</String>
                     <SP WIDTH="18" VPOS="2655" HPOS="2707"> </SP>
                     <String WC="0.95399999618530273"
                             CONTENT="sign."
                             HEIGHT="45"
                             WIDTH="90"
                             VPOS="2643"
                             HPOS="2726">sign.</String>
                  </TextLine>
                  <TextLine HEIGHT="65" WIDTH="1362" VPOS="2696" HPOS="2286">
                     <String WC="0.73636364936828613"
                             CONTENT="Diminuendo."
                             HEIGHT="36"
                             WIDTH="254"
                             VPOS="2713"
                             HPOS="2286">Diminuendo.</String>
                     <SP WIDTH="56" VPOS="2711" HPOS="2541"> </SP>
                     <String WC="0.90399998426437378"
                             CONTENT="(It.)"
                             HEIGHT="44"
                             WIDTH="85"
                             VPOS="2712"
                             HPOS="2598">(It.)</String>
                     <SP WIDTH="41" VPOS="2711" HPOS="2684"> </SP>
                     <String WC="0.77944445610046387"
                             CONTENT="(De-me-noo-en-do)."
                             HEIGHT="51"
                             WIDTH="400"
                             VPOS="2705"
                             HPOS="2726">(De-me-noo-en-do).</String>
                     <SP WIDTH="51" VPOS="2707" HPOS="3127"> </SP>
                     <String WC="0.83363634347915649"
                             CONTENT="Diminishing"
                             HEIGHT="48"
                             WIDTH="245"
                             VPOS="2704"
                             HPOS="3179">Diminishing</String>
                     <SP WIDTH="28" VPOS="2717" HPOS="3425"> </SP>
                     <String WC="0.77222222089767456"
                             CONTENT="gradually"
                             HEIGHT="47"
                             WIDTH="194"
                             VPOS="2702"
                             HPOS="3454">gradually</String>
                  </TextLine>
                  <TextLine HEIGHT="74" WIDTH="1648" VPOS="2772" HPOS="1992">
                     <String WC="0.57666665315628052"
                             CONTENT="the"
                             HEIGHT="35"
                             WIDTH="62"
                             VPOS="2799"
                             HPOS="1992">the</String>
                     <SP WIDTH="20" VPOS="2800" HPOS="2055"> </SP>
                     <String WC="0.79222220182418823"
                             CONTENT="intensity"
                             HEIGHT="44"
                             WIDTH="174"
                             VPOS="2796"
                             HPOS="2076">intensity</String>
                     <SP WIDTH="22" VPOS="2806" HPOS="2251"> </SP>
                     <String WC="0.64499998092651367"
                             CONTENT="of"
                             HEIGHT="34"
                             WIDTH="40"
                             VPOS="2794"
                             HPOS="2274">of</String>
                     <SP WIDTH="20" VPOS="2795" HPOS="2315"> </SP>
                     <String WC="0.82999998331069946"
                             CONTENT="power"
                             HEIGHT="38"
                             WIDTH="123"
                             VPOS="2802"
                             HPOS="2336">power</String>
                     <SP WIDTH="22" VPOS="2803" HPOS="2460"> </SP>
                     <String WC="0.70499998331069946"
                             CONTENT="of"
                             HEIGHT="33"
                             WIDTH="40"
                             VPOS="2791"
                             HPOS="2483">of</String>
                     <SP WIDTH="21" VPOS="2791" HPOS="2524"> </SP>
                     <String WC="0.62000000476837158"
                             CONTENT="the"
                             HEIGHT="34"
                             WIDTH="59"
                             VPOS="2792"
                             HPOS="2546">the</String>
                     <SP WIDTH="22" VPOS="2793" HPOS="2606"> </SP>
                     <String WC="0.85000002384185791"
                             CONTENT="tone"
                             HEIGHT="31"
                             WIDTH="84"
                             VPOS="2792"
                             HPOS="2629">tone</String>
                     <SP WIDTH="150" VPOS="2800" HPOS="2714"> </SP>
                     <String WC="0.78333336114883423"
                             CONTENT="and"
                             HEIGHT="32"
                             WIDTH="71"
                             VPOS="2790"
                             HPOS="2865">and</String>
                     <SP WIDTH="114" VPOS="2788" HPOS="2937"> </SP>
                     <String WC="0.64833331108093262"
                             CONTENT="Rinforzando,"
                             HEIGHT="45"
                             WIDTH="264"
                             VPOS="2782"
                             HPOS="3052">Rinforzando,</String>
                     <SP WIDTH="22" VPOS="2795" HPOS="3317"> </SP>
                     <String WC="0.82777780294418335"
                             CONTENT="accented."
                             HEIGHT="41"
                             WIDTH="183"
                             VPOS="2780"
                             HPOS="3340">accented.</String>
                     <SP WIDTH="28" VPOS="2782" HPOS="3524"> </SP>
                     <String WC="0.88400000333786011"
                             CONTENT="(It.)"
                             HEIGHT="46"
                             WIDTH="87"
                             VPOS="2780"
                             HPOS="3553">(It.)</String>
                  </TextLine>
                  <TextLine HEIGHT="77" WIDTH="1649" VPOS="2841" HPOS="1999">
                     <String WC="0.80722224712371826"
                             CONTENT="(Rin-for-tsan-do.)"
                             HEIGHT="54"
                             WIDTH="369"
                             VPOS="2859"
                             HPOS="1999">(Rin-for-tsan-do.)</String>
                     <SP WIDTH="53" VPOS="2861" HPOS="2369"> </SP>
                     <String WC="0.84307694435119629"
                             CONTENT="Strengthened;"
                             HEIGHT="49"
                             WIDTH="287"
                             VPOS="2857"
                             HPOS="2423">Strengthened;</String>
                     <SP WIDTH="25" VPOS="2869" HPOS="2711"> </SP>
                     <String WC="0.69545453786849976"
                             CONTENT="reinforced;"
                             HEIGHT="41"
                             WIDTH="226"
                             VPOS="2856"
                             HPOS="2737">reinforced;</String>
                     <SP WIDTH="25" VPOS="2866" HPOS="2964"> </SP>
                     <String WC="0.86000001430511475"
                             CONTENT="a"
                             HEIGHT="21"
                             WIDTH="21"
                             VPOS="2866"
                             HPOS="2990">a</String>
                     <SP WIDTH="24" VPOS="2866" HPOS="3012"> </SP>
                     <String WC="0.63999998569488525"
                             CONTENT="reinforcement"
                             HEIGHT="37"
                             WIDTH="282"
                             VPOS="2851"
                             HPOS="3037">reinforcement</String>
                     <SP WIDTH="24" VPOS="2854" HPOS="3320"> </SP>
                     <String WC="0.86500000953674316"
                             CONTENT="of"
                             HEIGHT="33"
                             WIDTH="41"
                             VPOS="2851"
                             HPOS="3345">of</String>
                     <SP WIDTH="22" VPOS="2851" HPOS="3387"> </SP>
                     <String WC="0.82499998807907104"
                             CONTENT="tone"
                             HEIGHT="32"
                             WIDTH="85"
                             VPOS="2852"
                             HPOS="3410">tone</String>
                     <SP WIDTH="24" VPOS="2860" HPOS="3496"> </SP>
                     <String WC="0.28999999165534973"
                             CONTENT="or"
                             HEIGHT="22"
                             WIDTH="41"
                             VPOS="2860"
                             HPOS="3521">or</String>
                     <SP WIDTH="22" VPOS="2858" HPOS="3563"> </SP>
                     <String WC="0.93999999761581421"
                             CONTENT="ex"
                             HEIGHT="24"
                             WIDTH="45"
                             VPOS="2857"
                             HPOS="3586"
                             SUBS_TYPE="HypPart1"
                             SUBS_CONTENT="expression,">ex</String>
                     <HYP CONTENT="­"/>
                  </TextLine>
                  <TextLine HEIGHT="80" WIDTH="1656" VPOS="2906" HPOS="1992">
                     <String WC="0.79222220182418823"
                             CONTENT="pression,"
                             HEIGHT="49"
                             WIDTH="177"
                             VPOS="2930"
                             HPOS="1992"
                             SUBS_TYPE="HypPart2"
                             SUBS_CONTENT="expression,">pression,</String>
                     <SP WIDTH="22" VPOS="2931" HPOS="2170"> </SP>
                     <String WC="0.89300000667572021"
                             CONTENT="indicating"
                             HEIGHT="45"
                             WIDTH="203"
                             VPOS="2929"
                             HPOS="2193">indicating</String>
                     <SP WIDTH="21" VPOS="2931" HPOS="2397"> </SP>
                     <String WC="0.76749998331069946"
                             CONTENT="that"
                             HEIGHT="33"
                             WIDTH="81"
                             VPOS="2928"
                             HPOS="2419">that</String>
                     <SP WIDTH="22" VPOS="2928" HPOS="2501"> </SP>
                     <String WC="0.82666665315628052"
                             CONTENT="either"
                             HEIGHT="37"
                             WIDTH="115"
                             VPOS="2926"
                             HPOS="2524">either</String>
                     <SP WIDTH="23" VPOS="2937" HPOS="2640"> </SP>
                     <String WC="1."
                             CONTENT="a"
                             HEIGHT="22"
                             WIDTH="20"
                             VPOS="2936"
                             HPOS="2664">a</String>
                     <SP WIDTH="24" VPOS="2935" HPOS="2685"> </SP>
                     <String WC="0.62833333015441895"
                             CONTENT="single"
                             HEIGHT="47"
                             WIDTH="113"
                             VPOS="2923"
                             HPOS="2710">single</String>
                     <SP WIDTH="23" VPOS="2935" HPOS="2824"> </SP>
                     <String WC="0.84249997138977051"
                             CONTENT="note"
                             HEIGHT="31"
                             WIDTH="86"
                             VPOS="2926"
                             HPOS="2848">note</String>
                     <SP WIDTH="20" VPOS="2934" HPOS="2935"> </SP>
                     <String WC="0.29499998688697815"
                             CONTENT="or"
                             HEIGHT="23"
                             WIDTH="43"
                             VPOS="2933"
                             HPOS="2956">or</String>
                     <SP WIDTH="23" VPOS="2932" HPOS="3000"> </SP>
                     <String WC="0.73400002717971802"
                             CONTENT="chord"
                             HEIGHT="37"
                             WIDTH="112"
                             VPOS="2919"
                             HPOS="3024">chord</String>
                     <SP WIDTH="23" VPOS="2920" HPOS="3137"> </SP>
                     <String WC="0.43500000238418579"
                             CONTENT="or"
                             HEIGHT="23"
                             WIDTH="41"
                             VPOS="2929"
                             HPOS="3161">or</String>
                     <SP WIDTH="24" VPOS="2930" HPOS="3203"> </SP>
                     <String WC="0.89428573846817017"
                             CONTENT="several"
                             HEIGHT="37"
                             WIDTH="139"
                             VPOS="2916"
                             HPOS="3228">several</String>
                     <SP WIDTH="21" VPOS="2916" HPOS="3368"> </SP>
                     <String WC="0.95800000429153442"
                             CONTENT="notes"
                             HEIGHT="33"
                             WIDTH="103"
                             VPOS="2918"
                             HPOS="3390">notes</String>
                     <SP WIDTH="25" VPOS="2926" HPOS="3494"> </SP>
                     <String WC="0.78666669130325317"
                             CONTENT="are"
                             HEIGHT="24"
                             WIDTH="62"
                             VPOS="2925"
                             HPOS="3520">are</String>
                     <SP WIDTH="23" VPOS="2917" HPOS="3583"> </SP>
                     <String WC="0.6600000262260437"
                             CONTENT="to"
                             HEIGHT="33"
                             WIDTH="42"
                             VPOS="2916"
                             HPOS="3606">to</String>
                  </TextLine>
                  <TextLine HEIGHT="74" WIDTH="1549" VPOS="2976" HPOS="1988">
                     <String WC="0.74500000476837158"
                             CONTENT="be"
                             HEIGHT="35"
                             WIDTH="45"
                             VPOS="2999"
                             HPOS="1988">be</String>
                     <SP WIDTH="16" VPOS="3011" HPOS="2034"> </SP>
                     <String WC="0.7850000262260437"
                             CONTENT="played"
                             HEIGHT="45"
                             WIDTH="134"
                             VPOS="2999"
                             HPOS="2051">played</String>
                     <SP WIDTH="16" VPOS="2999" HPOS="2186"> </SP>
                     <String WC="0.92000001668930054"
                             CONTENT="with"
                             HEIGHT="35"
                             WIDTH="87"
                             VPOS="2997"
                             HPOS="2203">with</String>
                     <SP WIDTH="17" VPOS="2998" HPOS="2291"> </SP>
                     <String WC="0.71444445848464966"
                             CONTENT="emphasis,"
                             HEIGHT="46"
                             WIDTH="193"
                             VPOS="2995"
                             HPOS="2309">emphasis,</String>
                     <SP WIDTH="18" VPOS="3005" HPOS="2503"> </SP>
                     <String WC="0.68875002861022949"
                             CONTENT="although"
                             HEIGHT="46"
                             WIDTH="174"
                             VPOS="2992"
                             HPOS="2522">although</String>
                     <SP WIDTH="19" VPOS="2993" HPOS="2697"> </SP>
                     <String WC="0.82999998331069946"
                             CONTENT="not"
                             HEIGHT="31"
                             WIDTH="64"
                             VPOS="2994"
                             HPOS="2717">not</String>
                     <SP WIDTH="16" VPOS="2994" HPOS="2782"> </SP>
                     <String WC="0.79250001907348633"
                             CONTENT="with"
                             HEIGHT="34"
                             WIDTH="87"
                             VPOS="2991"
                             HPOS="2799">with</String>
                     <SP WIDTH="16" VPOS="2992" HPOS="2887"> </SP>
                     <String WC="0.76999998092651367"
                             CONTENT="the"
                             HEIGHT="35"
                             WIDTH="61"
                             VPOS="2990"
                             HPOS="2904">the</String>
                     <SP WIDTH="18" VPOS="3000" HPOS="2966"> </SP>
                     <String WC="0.81400001049041748"
                             CONTENT="suddenness"
                             HEIGHT="38"
                             WIDTH="223"
                             VPOS="2986"
                             HPOS="2985">suddenness</String>
                     <SP WIDTH="20" VPOS="2996" HPOS="3209"> </SP>
                     <String WC="0.87999999523162842"
                             CONTENT="of"
                             HEIGHT="31"
                             WIDTH="41"
                             VPOS="2987"
                             HPOS="3230">of</String>
                     <SP WIDTH="20" VPOS="2986" HPOS="3271"> </SP>
                     <String WC="1."
                             CONTENT="a"
                             HEIGHT="21"
                             WIDTH="21"
                             VPOS="2996"
                             HPOS="3291">a</String>
                     <SP WIDTH="19" VPOS="2986" HPOS="3312"> </SP>
                     <String WC="0.78555554151535034"
                             CONTENT="Sforzando"
                             HEIGHT="38"
                             WIDTH="206"
                             VPOS="2981"
                             HPOS="3331">Sforzando</String>
                  </TextLine>
                  <TextLine HEIGHT="50" WIDTH="689" VPOS="3045" HPOS="1986">
                     <String WC="0.70749998092651367"
                             CONTENT="Forzando"
                             HEIGHT="40"
                             WIDTH="190"
                             VPOS="3052"
                             HPOS="1986">Forzando</String>
                     <SP WIDTH="30" VPOS="3065" HPOS="2177"> </SP>
                     <String WC="0.625"
                             CONTENT="or"
                             HEIGHT="22"
                             WIDTH="41"
                             VPOS="3066"
                             HPOS="2208">or</String>
                     <SP WIDTH="29" VPOS="3055" HPOS="2250"> </SP>
                     <String WC="0.87888890504837036"
                             CONTENT="Sforzato,"
                             HEIGHT="38"
                             WIDTH="182"
                             VPOS="3054"
                             HPOS="2280">Sforzato,</String>
                     <SP WIDTH="30" VPOS="3063" HPOS="2463"> </SP>
                     <String WC="0.81444442272186279"
                             CONTENT="accented."
                             HEIGHT="38"
                             WIDTH="181"
                             VPOS="3049"
                             HPOS="2494">accented.</String>
                  </TextLine>
               </TextBlock>
            </ComposedBlock>
            <GraphicalElement ID="Page1_Block5"
                              HEIGHT="2596"
                              WIDTH="26"
                              VPOS="498"
                              HPOS="1939"/>
         </PrintSpace>
      </Page>
   </Layout>
</alto>
