4064 3430
1223 408 465 60 RUDIMENTS
1726 417 96 51 OF
1854 418 253 61 MUSIC.
2249 427 361 61 Continued.

312 485 161 46 Beating
508 486 305 51 Time—Beating
845 492 87 35 time
964 493 31 35 is
1029 493 91 35 done
1153 495 87 36 with
1272 497 61 33 the
1364 497 108 43 hand,
1507 499 72 35 and
1613 501 195 48 according
1841 507 40 31 to

224 562 87 36 each
333 564 107 35 mode
461 566 42 32 of
525 567 88 34 time
636 568 62 33 the
720 568 104 36 beats
848 581 61 23 are
933 572 144 35 carried
1100 584 55 23 on.
1203 574 43 33 In
1271 587 97 23 some
1394 578 40 31 of
1458 579 60 32 the
1542 578 123 38 modes
1691 582 100 36 there
1817 593 61 22 are

222 640 102 37 three
348 641 116 43 beats,
489 645 117 40 down,
628 646 72 33 left
725 647 72 33 and
821 659 61 33 up.
931 650 44 33 In
999 659 98 27 some
1122 653 115 34 music
1260 653 114 34 books
1398 655 103 35 there
1527 667 62 24 are
1616 658 86 34 four
1728 661 72 34 and
1825 662 54 32 six

221 719 104 36 beats
351 724 41 30 to
417 722 61 36 the
503 731 177 28 measure.
729 726 117 35 When
872 738 52 22 we
950 727 90 36 have
1069 731 85 32 four
1182 729 103 36 beats
1312 736 30 30 it
1369 734 31 33 is
1427 734 117 41 down,
1570 736 82 40 left,
1679 737 97 46 right
1805 739 71 34 and

220 808 61 35 up.
328 799 39 32 If
386 799 55 34 six
462 801 115 41 beats,
599 801 116 42 down,
738 803 116 41 down,
876 805 70 34 left
969 806 109 45 right,
1099 819 49 33 up
1173 809 71 34 and
1267 821 62 34 up.
1376 810 43 33 In
1443 812 49 33 all
1515 814 40 32 of
1578 814 99 35 these
1701 815 175 37 different

219 875 275 39 classifications
512 880 32 33 it
560 881 33 33 is
611 880 119 36 called
747 882 153 46 beating
916 884 98 33 time.

311 955 159 47 Beating
491 958 87 35 time
600 958 29 35 is
652 959 203 47 indicating
877 961 87 35 each
986 962 187 46 pulsation
1197 965 41 33 of
1259 976 22 23 a
1303 976 164 26 measure
1489 969 49 44 by
1560 971 140 34 certain
1722 974 155 35 motions

216 1032 44 35 of
278 1034 65 34 the
360 1033 100 37 hand
480 1037 75 32 and
573 1038 33 33 is
626 1038 152 45 applied
798 1039 328 52 indiscriminately
1147 1046 39 32 to
1207 1045 52 32 all
1276 1045 110 36 kinds
1406 1047 44 33 of
1469 1048 105 35 vocal
1594 1050 125 35 music.

264 1112 29 32 1.
317 1110 119 37 When
469 1114 61 35 the
564 1114 114 36 music
712 1119 30 32 is
777 1121 56 33 set
865 1121 38 33 to
937 1121 71 39 2-2,
1041 1122 59 31 2-4
1136 1123 72 32 and
1243 1125 71 39 4-4,
1347 1125 31 33 it
1411 1126 29 34 is
1476 1126 117 34 called
1627 1130 38 32 in
1699 1139 97 26 some
1832 1132 40 33 of

217 1188 60 35 the
302 1189 114 36 books
442 1190 197 38 “Common
661 1195 137 35 Time.”
846 1198 45 32 In
915 1198 137 41 others,
1077 1198 239 49 “Quadruple
1342 1202 137 37 Time.”
1530 1203 116 37 When
1672 1207 61 34 the
1757 1210 117 35 music

214 1264 31 33 is
268 1265 148 35 written
438 1267 38 33 in
498 1269 88 43 four
611 1271 138 43 shaped
773 1276 114 37 notes,
912 1274 185 46 generally
1125 1276 97 35 there
1248 1288 62 23 are
1336 1278 92 35 “two
1456 1280 124 34 beats”
1607 1285 36 31 to
1671 1283 58 34 the
1755 1293 116 25 meas'-

214 1352 76 26 ure.
335 1343 139 37 “Down
496 1347 74 33 and
595 1348 95 44 Up.”
733 1349 126 45 Triple
884 1352 85 33 time
993 1353 101 33 three
1118 1354 115 36 beats.

301 1423 117 35 When
477 1424 263 48 seven-shaped
800 1431 103 33 notes
964 1441 40 22 or
1064 1434 116 32 round
1240 1438 103 31 notes
1403 1446 62 26 are
1524 1436 101 43 used,
1684 1439 185 46 generally

213 1499 110 35 “four
345 1499 125 36 beats”
493 1505 37 30 to
554 1502 59 35 the
636 1514 176 25 measure.
836 1506 150 42 “Down,
1009 1509 81 39 left,
1112 1510 110 46 right,
1243 1513 84 44 up,”
1349 1517 129 43 except
1502 1517 36 30 in
1561 1517 72 40 2-4,
1654 1518 86 44 only
1762 1517 108 36 “Two

208 1576 128 38 beats”
356 1580 38 32 in
416 1580 50 33 all
485 1581 42 34 of
547 1582 59 33 the
628 1583 126 40 books,
774 1584 129 35 “down
923 1588 73 32 and
1017 1587 84 45 up.”

298 1659 32 33 2.
355 1657 148 48 “Triple
531 1660 120 42 time,”
680 1664 70 38 3-2,
778 1665 59 32 3-4
867 1664 71 33 and
967 1667 60 31 3-8
1056 1668 36 31 in
1122 1669 49 31 all
1197 1669 43 32 of
1268 1671 60 32 the
1357 1670 113 36 books
1500 1672 206 46 regardless
1736 1675 41 32 of
1806 1675 59 32 the

202 1733 118 48 shape
342 1736 42 32 of
405 1737 60 34 the
489 1741 114 38 notes,
625 1740 90 31 have
740 1740 137 35 “Three
900 1742 125 35 beats”
1050 1746 37 31 to
1111 1746 59 33 the
1193 1755 177 32 measure,
1393 1749 149 40 “Down,
1565 1750 81 40 left,
1671 1751 83 45 up.”

296 1816 32 31 3.
353 1814 216 49 Compound
593 1828 42 24 or
658 1818 175 46 Sextuple
856 1829 178 33 measure,
1058 1825 70 39 6-4,
1152 1825 69 41 6-8,
1243 1828 67 32 etc.
1357 1826 115 36 When
1498 1829 146 35 written
1667 1832 37 30 in
1728 1830 121 34 “Four­

207 1890 138 47 shaped
379 1891 140 36 headed
555 1895 135 40 notes,”
726 1896 145 46 usually
906 1898 93 35 “two
1036 1900 103 36 beats
1175 1905 38 30 to
1250 1904 60 34 the
1347 1904 196 43 measure,”
1582 1908 71 32 and
1689 1908 101 34 when
1826 1910 36 31 in

206 1967 130 36 “seven
366 1970 139 47 shaped
535 1972 141 35 headed
705 1984 43 23 or
777 1976 118 35 round
924 1977 137 41 notes,”
1091 1980 188 45 generally
1308 1981 93 35 “two
1431 1982 138 43 beats,”
1598 1985 68 34 but
1696 1996 98 26 some
1824 1989 42 31 of

205 2047 101 35 these
334 2048 90 37 have
453 2061 39 23 as
520 2061 108 36 many
658 2063 39 23 as
726 2052 85 35 “Six
839 2054 134 35 Beats”
1002 2059 37 29 to
1070 2058 60 32 the
1158 2068 176 32 measure,
1361 2059 67 36 but
1458 2062 48 32 all
1535 2072 67 24 can
1630 2065 44 33 be
1703 2075 93 36 sung
1824 2069 37 30 to

202 2125 109 36 “Two
338 2128 126 34 beats”
491 2133 37 30 to
556 2129 60 35 the
644 2142 175 25 measure.
871 2133 115 36 When
1015 2136 108 34 “Two
1150 2138 136 40 beats,”
1316 2139 104 35 down
1449 2142 71 32 and
1550 2153 67 34 up;
1646 2143 102 34 when
1775 2144 84 34 “Six

201 2203 137 43 beats,”
364 2206 116 42 down,
506 2208 116 41 down,
647 2211 81 39 left,
755 2212 109 45 right,
889 2223 62 34 up,
976 2225 62 33 up,
1066 2226 41 22 or
1134 2216 116 40 down,
1275 2218 81 39 left,
1383 2219 81 40 left,
1492 2220 108 45 right,
1628 2222 99 45 right
1753 2234 60 33 up.

292 2283 75 34 The
398 2283 176 38 different
601 2298 150 24 manner
779 2290 41 32 of
847 2289 150 47 beating
1024 2294 87 33 time
1140 2296 29 32 is
1199 2294 185 47 generally
1412 2297 70 34 left
1511 2302 38 31 to
1579 2301 60 32 the
1668 2300 124 36 leader
1820 2313 40 22 or

199 2358 163 38 director
389 2362 44 35 of
460 2364 127 34 music.

291 2439 114 36 There
429 2443 30 31 is
481 2442 38 33 in
541 2443 116 34 music
679 2445 128 45 Major
829 2447 67 44 key
920 2450 74 32 and
1015 2450 124 35 Minor
1162 2453 77 43 key.
1286 2454 75 33 The
1383 2454 71 46 key
1475 2457 85 33 note
1583 2458 38 32 in
1644 2458 60 33 the
1729 2458 128 45 Major

198 2513 96 38 scale
311 2519 33 33 is
365 2519 119 35 called
504 2532 22 21 a
548 2520 87 43 faw,
654 2523 74 34 and
747 2526 39 31 in
806 2526 63 34 the
888 2525 124 36 Minor
1031 2529 31 33 it
1081 2530 31 32 is
1133 2529 118 34 called
1272 2531 47 33 la.

286 2596 36 34 A
343 2597 71 46 key
434 2601 85 33 note
541 2601 31 33 is
596 2601 58 34 the
678 2603 112 35 Tonic
812 2604 153 36 number
987 2616 64 24 one
1076 2608 40 42 of
1140 2618 69 33 any
1235 2610 77 44 key.
1361 2610 101 37 First
1484 2614 85 34 note
1593 2615 41 32 of
1656 2616 60 33 the
1740 2614 114 37 Scale.

197 2670 166 50 Leading
392 2676 97 36 Note
518 2679 32 33 is
580 2679 60 34 the
670 2680 132 45 Major
829 2684 149 34 seventh
1010 2685 41 41 of
1079 2697 69 33 any
1179 2686 117 43 scale;
1324 2688 62 36 the
1417 2689 199 37 Semi-tone
1647 2691 116 37 below
1791 2694 62 35 the

196 2748 69 48 key
285 2757 103 39 note;
410 2757 60 34 the
491 2757 99 35 third
611 2760 41 32 of
672 2761 60 33 the
755 2761 189 37 dominant
965 2764 193 38 sub-tonic.

286 2831 111 35 From
423 2835 61 33 the
509 2836 167 47 Leading
700 2842 85 31 note
812 2842 59 32 the
899 2843 128 45 Major
1054 2843 72 34 and
1153 2845 124 34 Minor
1301 2846 71 45 key
1398 2847 83 35 lead
1507 2850 76 33 out.
1632 2849 118 39 There
1773 2850 32 35 is
1831 2861 23 24 a

193 2905 200 41 difference
410 2915 39 32 in
468 2926 22 21 a
508 2914 148 48 leading
673 2921 85 32 note
777 2921 74 32 and
869 2921 70 44 key
957 2924 96 34 note.

281 2988 76 35 The
382 2989 149 49 leading
555 2997 85 34 note
665 2998 30 34 is
720 2999 122 33 stated
869 2998 124 36 above.
1041 3000 76 36 The
1141 3002 71 45 key
1237 3007 85 31 note
1348 3013 125 31 means
1500 3016 21 26 a
1548 3006 97 38 scale
1671 3018 43 24 or
1740 3009 111 35 series

191 3061 41 40 pf
250 3068 104 35 notes
373 3070 238 49 progressing
631 3073 238 51 diatonically
889 3079 35 35 in
947 3090 20 22 a
988 3077 139 40 certain
1147 3080 108 38 order
1277 3083 41 33 of
1338 3081 184 39 intervals.

3527 443 28 48 5

2053 512 74 35 The
2152 514 81 35 first
2257 518 84 33 note
2367 517 42 35 of
2431 519 60 34 the
2517 518 95 35 scale
2635 519 110 47 being
2768 520 116 38 called
2908 523 69 44 key
3001 525 96 34 note.

2051 601 131 37 Where
2212 607 86 32 four
2325 608 103 33 notes
2459 617 61 25 are
2551 610 100 37 used,
2678 610 61 35 Me
2768 612 30 32 is
2828 611 58 35 the
2916 611 143 45 leading
3087 616 95 32 note.
3233 614 117 36 When
3377 625 110 25 seven
3513 618 104 32 notes

1962 700 61 23 are
2051 691 101 41 used,
2178 693 46 34 Se
2253 705 42 23 or
2325 696 48 33 Te
2400 697 30 33 is
2460 697 57 34 the
2546 698 144 45 leading
2717 701 96 32 note.
2866 701 43 33 In
2936 701 61 33 the
3026 702 86 33 four
3140 705 83 31 note
3252 705 137 43 system
3416 704 102 34 when
3544 715 74 34 you

1960 779 75 34 find
2059 782 65 40 Mi,
2147 782 32 32 if
2201 785 37 31 in
2262 784 60 34 the
2348 785 129 45 Major
2500 787 81 45 key,
2603 789 29 32 it
2657 788 72 34 will
2752 789 44 33 be
2822 789 98 41 Faw,
2944 801 66 23 one
3035 791 131 45 degree
3191 792 112 34 above
3328 794 65 34 Mi.
3443 794 38 33 If
3506 795 53 32 Mi
3585 794 31 33 is

1960 880 45 21 on
2030 870 60 35 the
2116 871 83 42 line,
2225 873 98 40 Faw,
2347 875 61 33 the
2432 875 70 45 key
2525 879 98 37 note,
2647 877 73 33 will
2743 878 45 33 be
2814 889 46 23 on
2886 880 61 32 the
2971 889 110 35 space
3108 881 123 34 above.
3282 882 40 31 If
3346 884 54 32 Mi
3426 884 31 34 is
3482 893 48 23 on
3554 884 62 33 the

1960 946 119 36 space,
2108 937 85 35 then
2225 939 98 41 Faw,
2353 941 59 33 the
2442 941 70 45 key
2542 945 64 31 not
2636 943 73 34 will
2738 945 43 33 be
2814 955 45 23 on
2890 946 61 33 the
2981 946 71 36 line
3084 947 122 34 above.
3261 948 38 33 If
3330 949 54 33 Mi
3414 951 30 33 is
3476 960 46 23 on
3554 951 59 33 the

1957 1024 120 37 space,
2097 1016 86 35 then
2204 1018 100 40 Faw,
2323 1018 61 34 the
2403 1020 70 43 key
2492 1022 97 38 note,
2608 1021 73 35 will
2699 1022 44 33 be
2764 1033 46 22 on
2831 1022 60 36 the
2911 1023 83 34 first
3012 1024 71 34 line
3106 1025 111 34 above
3238 1026 40 33 it.
3324 1027 37 32 If
3381 1029 30 31 it
3431 1027 43 34 be
3496 1029 36 32 in
3553 1029 60 33 the

1956 1092 122 34 Minor
2104 1092 81 47 key,
2210 1095 55 33 La
2290 1095 71 34 will
2388 1096 44 34 be
2457 1096 60 34 the
2542 1097 69 45 key
2637 1100 95 33 note.
2783 1100 35 33 It
2843 1099 72 36 will
2941 1101 43 32 be
3011 1102 142 33 located
3180 1113 46 23 on
3253 1104 59 33 the
3339 1104 71 32 line
3436 1114 42 23 or
3502 1116 111 35 space

1955 1168 113 35 below
2094 1170 60 35 the
2181 1172 64 33 Mi.
2297 1172 36 34 It
2359 1174 29 32 is
2416 1173 101 35 three
2545 1176 149 44 degrees
2721 1176 113 34 below
2863 1177 60 35 the
2950 1176 128 45 Major
3105 1179 80 44 key.

2044 1246 131 38 Where
2203 1259 107 24 seven
2336 1252 103 32 notes
2467 1261 62 24 are
2557 1253 101 38 used,
2684 1252 38 34 Si
2750 1264 41 22 or
2819 1255 52 33 Te
2897 1253 76 34 find
3001 1255 49 39 Si,
3077 1255 31 32 if
3136 1256 36 32 in
3200 1257 60 34 the
3286 1256 129 44 Major
3442 1257 81 46 key,
3550 1258 61 36 the

1953 1324 70 44 key
2047 1327 96 39 note,
2169 1327 69 40 Do,
2263 1327 73 33 will
2361 1328 44 33 be
2431 1329 60 33 the
2518 1331 85 32 next
2627 1330 72 34 line
2727 1341 40 23 or
2794 1340 108 37 space
2931 1332 111 34 above
3071 1333 49 40 Si,
3147 1343 66 24 one
3241 1334 130 45 degree
3399 1335 122 35 above.
3573 1337 38 32 If

1952 1403 29 33 it
2007 1403 45 34 be
2075 1407 38 30 in
2137 1405 61 34 the
2224 1407 123 32 Minor
2372 1408 82 43 key,
2479 1407 61 35 the
2564 1409 70 42 key
2660 1411 84 32 note
2770 1411 56 32 La
2851 1411 37 33 in
2914 1411 61 35 the
3001 1413 86 32 next
3112 1413 72 34 line
3211 1424 41 21 or
3278 1423 109 33 space
3415 1413 116 35 below
3558 1414 51 39 Si,

1952 1492 66 22 one
2041 1482 130 45 degree
2194 1483 114 33 below
2331 1485 49 40 Si,
2403 1485 72 33 and
2498 1485 71 35 this
2593 1498 97 23 same
2715 1487 78 33 rule
2815 1488 29 33 is
2869 1487 170 37 followed
3063 1500 50 34 up
3139 1500 39 24 as
3202 1494 38 30 to
3264 1491 88 33 each
3373 1494 89 42 part
3482 1492 43 34 of
3548 1493 60 34 the

1950 1563 97 37 tune,
2069 1560 114 35 either
2204 1565 117 38 tenor,
2342 1563 128 41 treble,
2490 1564 84 35 bass
2596 1576 42 21 or
2661 1565 85 34 alto.

2038 1638 196 37 Wherever
2258 1640 60 35 the
2342 1643 53 31 Mi
2419 1643 30 33 is
2474 1642 117 35 found
2610 1649 49 27 bn
2683 1644 60 34 the
2767 1645 93 36 staff
2881 1647 38 32 in
2941 1647 60 32 the
3026 1646 86 35 four
3135 1650 84 31 note
3244 1650 135 43 system
3402 1659 39 23 as
3464 1648 90 34 used
3577 1650 31 32 it

1948 1717 29 32 is
2001 1717 38 34 Si
2061 1719 36 32 in
2118 1718 61 35 the
2200 1730 107 23 seven
2329 1722 85 32 note
2437 1723 147 43 system,
2605 1723 159 34 whether
2786 1726 29 31 it
2837 1724 44 34 be
2902 1725 39 32 in
2963 1725 236 47 seven-shape
3222 1737 41 23 or
3286 1727 118 33 round
3426 1729 114 34 notes.

2037 1797 76 32 The
2141 1796 128 36 lowest
2299 1799 56 32 Fa
2384 1802 38 32 in
2451 1800 61 34 the
2544 1801 189 34 four-note
2763 1803 136 45 system
2927 1805 31 31 is
2988 1805 69 32 Do.
3111 1805 45 32 In
3184 1805 61 33 the
3277 1816 106 23 seven
3414 1816 40 23 or
3485 1804 119 35 round

1946 1876 115 38 notes,
2079 1887 39 23 as
2137 1875 82 33 well
2237 1887 39 23 as
2294 1878 87 33 each
2402 1880 125 33 octave
2547 1881 112 33 above
2680 1881 72 33 and
2772 1879 114 38 below
2906 1882 115 40 Scale,
3039 1883 80 44 give
3138 1884 60 33 the
3219 1893 97 24 same
3335 1886 95 32 note.

2034 1953 74 33 The
2129 1953 126 36 lowest
2277 1956 63 33 Sol
2362 1958 36 32 in
2419 1958 61 33 the
2504 1957 188 37 four-note
2715 1963 136 41 system
2858 1961 43 42 js
2925 1962 67 31 Ra.
3038 1961 44 33 In
3103 1962 60 32 the
3184 1972 109 23 seven
3315 1972 40 23 or
3377 1962 118 33 round
3516 1965 86 32 note

1945 2033 115 39 notes,
2080 2043 39 23 as
2139 2032 81 34 well
2241 2046 38 23 as
2300 2034 89 35 each
2408 2037 127 33 octave
2556 2037 112 32 above
2689 2039 72 32 and
2780 2037 115 36 below
2915 2039 73 32 will
3009 2039 80 45 give
3109 2040 62 32 the
3190 2050 98 23 same
3310 2042 96 31 note.

2032 2108 105 36 Scale
2159 2110 313 40 Exercises—The
2496 2115 144 34 SKIPS
2662 2118 95 32 most
2779 2115 140 46 readily
2942 2117 110 34 taken
3075 2127 107 25 occur
3204 2118 161 35 between
3388 2128 78 30 one,
3488 2117 113 42 three,

1944 2188 69 33 five
2034 2190 73 32 and
2126 2189 111 45 eight,
2257 2191 74 33 and
2351 2191 100 34 these
2473 2202 62 24 are
2557 2194 116 32 found
2692 2193 210 37 illustrated
2922 2196 38 31 in
2979 2196 61 34 the
3060 2195 190 47 including
3270 2196 187 35 exercises.
3501 2195 101 45 They

1942 2277 83 33 may
2056 2267 75 35 also
2160 2269 43 33 be
2233 2269 249 46 conveniently
2511 2271 187 46 practiced
2731 2273 94 32 from
2857 2274 182 34 numerals
3070 2275 145 33 written
3244 2275 37 32 in
3311 2273 148 35 tabular
3491 2274 108 44 form,

1942 2346 180 47 applying
2141 2347 62 34 the
2222 2359 140 36 proper
2383 2352 86 30 tone
2491 2350 75 33 and
2586 2350 154 45 syllable
2761 2355 39 30 to
2822 2351 89 35 each
2931 2351 167 34 numeral
3119 2353 74 33 and
3215 2354 147 45 singing
3383 2353 107 36 down
3511 2353 90 39 each

1941 2426 142 33 column
2109 2427 37 32 in
2174 2427 214 36 succession.
2440 2429 37 32 It
2502 2430 30 33 is
2559 2430 123 42 highly
2710 2429 203 46 important
2940 2432 81 33 that
3047 2432 100 32 these
3177 2431 99 44 skips
3305 2432 44 33 be
3377 2430 221 54 thoroughly

1939 2504 161 40 learned,
2121 2505 73 33 and
2215 2509 39 30 to
2276 2507 124 35 insure
2421 2507 72 33 this
2515 2506 51 34 let
2586 2509 61 32 the
2668 2507 99 38 table
2789 2509 44 33 be
2856 2520 95 34 sung
2970 2509 159 45 through
3154 2510 59 33 for
3235 2509 139 39 several
3397 2511 200 41 successive

1938 2582 147 35 lessons.

1939 2663 15 29 1

2024 2663 22 32 3

2113 2664 21 32 5

2202 2666 22 31 8

2393 2667 22 35 3

2484 2666 17 34 1

2571 2667 21 31 5

2659 2668 22 30 8

2850 2670 21 29 5

2941 2668 16 30 1

3027 2670 22 30 3

3116 2669 21 31 8

3306 2670 22 31 8

3396 2670 19 32 1

3483 2669 24 33 3

3574 2671 21 30 5

1936 2741 17 30 1

2022 2741 23 33 3

2112 2743 22 35 8

2200 2744 22 30 5

2391 2746 23 30 3

2482 2746 17 30 1

2569 2747 22 29 8

2657 2747 21 30 5

2847 2748 21 35 5

2938 2746 17 31 1

3025 2749 21 30 8

3113 2747 24 30 3

3305 2748 22 32 8

3395 2747 20 34 1

3483 2747 22 34 5

3573 2749 23 31 3

1937 2820 16 30 1

2023 2820 22 33 5

2111 2820 23 36 3

2202 2822 20 32 8

2391 2824 22 32 3

2480 2824 21 32 5

2572 2825 17 31 1

2658 2825 21 31 8

2848 2826 22 31 5

2937 2825 23 31 3

3027 2827 18 33 1

3113 2825 24 33 8

3304 2826 24 33 8

3393 2827 25 33 3

3483 2825 21 36 1

3572 2827 23 32 5

1934 2909 17 32 1

2020 2910 21 33 5

2110 2910 21 34 8

2198 2912 23 32 3

2390 2914 22 31 3

2478 2914 22 32 5

2568 2915 21 32 8

2657 2915 16 31 1

2846 2916 21 31 5

2935 2915 22 31 3

3024 2916 22 32 8

3114 2915 18 33 1

3303 2916 23 33 8

3391 2917 26 33 3

3480 2915 26 36 5

3573 2918 20 31 1

1935 2999 17 31 1

2021 2999 23 36 8

2109 3001 24 33 3

2198 3003 24 32 5

2389 3003 26 33 S

2479 3003 24 32 8

2569 3004 19 32 1

2655 3005 23 32 5

2846 3005 23 35 5

2935 3004 23 32 8

3026 3005 19 32 1

3112 3004 25 33 3

3303 3005 24 37 8

3391 3004 27 38 &

3480 3004 25 36 1

3570 3006 24 39 3

1932 3090 17 33 1

2019 3090 22 34 8

2108 3090 20 34 5

2196 3093 23 31 3

2386 3093 24 33 3

2475 3094 22 32 8

2564 3094 22 32 5

2653 3094 18 32 1

2844 3094 22 32 5

2933 3093 22 33 8

3021 3094 23 35 3

3112 3093 19 41 I

3300 3094 24 34 8

3388 3093 27 37 &

3476 3093 26 39 3

3559 3091 33 39 1
