4064 3430
1291 358 468 61 RUDIMENTS
1829 365 100 54 OF
1997 364 254 64 MUSIC.
2391 369 348 58 Continued.

344 447 160 50 hearing.
560 450 113 34 When
701 454 72 32 two
804 463 41 23 or
875 464 100 25 more
1005 456 134 33 sounds
1170 467 61 26 are
1261 457 104 34 made
1396 462 39 31 at
1464 459 59 35 the
1554 470 98 24 same
1681 463 87 33 time
1799 464 72 32 and
1903 464 95 45 fully

346 528 107 35 agree
478 516 87 37 with
589 518 90 33 each
703 519 104 34 other
832 520 74 33 and
930 521 110 34 blend
1065 523 179 45 together,
1268 525 87 43 they
1382 535 62 24 are
1471 526 152 36 musical
1649 528 73 33 and
1748 540 23 21 a
1796 530 205 35 succession

344 583 41 33 of
408 584 87 33 such
519 583 134 35 sounds
678 595 62 23 are
763 586 81 35 said
867 590 38 30 to
928 588 163 44 produce
1115 589 142 45 melody
1283 591 74 33 and
1379 591 186 47 harmony.
1612 596 117 32 When
1752 597 86 45 they
1862 607 63 22 are
1948 596 33 34 ir­

342 650 149 46 regular
508 650 129 45 ,rough
657 652 72 32 and
748 652 46 34 do
813 656 65 31 not
895 653 110 36 blend
1023 657 168 44 together
1210 668 40 23 so
1269 669 41 23 as
1326 661 40 30 to
1382 658 164 48 produce
1564 660 143 48 melody
1727 663 75 32 and
1819 661 176 49 harmony

343 717 85 46 they
454 728 62 23 are
543 718 213 34 dominated
780 731 166 24 common
969 723 119 41 noise;
1115 724 149 45 grating
1289 726 146 35 sounds.

1073 815 193 34 LESSON
1301 817 49 32 II.

429 902 28 31 1.
483 900 112 34 What
615 902 150 33 distinct
785 905 178 44 property
982 904 65 33 has
1067 915 107 34 every
1195 906 151 35 musical
1366 911 83 31 tone
1471 920 41 22 or
1532 908 138 36 sound?

426 968 54 34 As
513 967 112 35 above
658 968 123 36 stated
811 970 31 35 it
872 971 65 34 has
971 971 119 42 three;
1120 974 30 33 it
1181 983 83 36 may
1295 975 44 33 be
1372 975 82 45 long
1486 987 41 23 or
1560 976 121 42 short;
1712 976 87 46 high
1829 989 43 24 or
1903 977 86 44 low;

338 1034 87 35 loud
446 1045 41 22 or
509 1034 87 35 soft.

424 1093 32 32 2.
481 1091 118 35 Tones
630 1102 42 23 or
701 1092 135 35 sounds
866 1095 37 32 in
931 1096 115 34 music
1073 1096 109 44 being
1210 1098 87 44 long
1325 1109 41 22 or
1397 1101 112 39 short,
1537 1101 85 44 high
1654 1112 41 24 or
1724 1102 80 41 low,
1832 1103 87 34 loud
1949 1114 41 22 or

336 1147 90 40 soft,
453 1146 97 34 from
574 1147 73 33 this
674 1148 113 34 arises
812 1151 79 32 how
916 1161 110 35 many
1052 1151 251 47 departments
1330 1166 43 21 or
1397 1155 131 34 known
1552 1156 208 44 properties
1787 1158 42 33 of
1855 1160 136 32 music?

425 1202 116 34 There
567 1214 61 22 are
655 1204 98 33 three
779 1206 264 44 departments.
1091 1209 105 33 Some
1223 1209 113 34 music
1360 1212 141 34 writers
1527 1212 106 34 claim
1656 1214 100 41 four.
1804 1214 100 46 They
1929 1227 62 22 are

335 1260 145 44 usually
503 1260 144 33 treated
670 1261 85 43 only
777 1265 37 30 in
838 1264 101 31 three
965 1263 261 46 departments.

424 1317 31 30 3.
481 1314 91 36 Give
601 1316 61 33 the
694 1327 122 24 names
850 1319 39 31 of
921 1318 59 36 the
1014 1320 100 32 three
1147 1320 261 46 departments.

423 1370 76 34 The
522 1370 83 35 first
627 1372 31 34 is
687 1372 59 43 (1)
774 1372 228 46 Rhythmics,
1031 1375 59 43 (2)
1119 1375 190 42 Melodies,
1338 1378 59 44 (3)
1424 1379 210 44 Dynamics.

421 1429 32 32 4.
478 1427 112 36 What
611 1429 29 32 is
665 1428 218 45 rhythmics?

422 1483 213 47 Rhythmics
657 1485 29 33 is
708 1485 61 34 the
792 1486 152 34 division
966 1486 40 33 of
1028 1488 150 32 musical
1200 1489 99 34 ideas
1323 1501 40 22 or
1386 1492 185 34 sentences
1596 1493 76 33 into
1694 1494 148 44 regular
1863 1497 107 32 metri­

331 1543 57 33 cal
413 1540 186 47 portions;
629 1543 207 44 represents
864 1544 60 32 the
952 1543 147 45 regular
1126 1545 187 45 pulsation
1341 1546 42 33 of
1409 1549 123 32 music.
1585 1549 35 33 It
1649 1550 131 34 relates
1808 1554 37 31 to
1874 1553 48 31 all
1951 1554 34 30 in

329 1596 117 34 music
467 1595 200 48 regarding
686 1598 98 34 time.

420 1655 31 32 5.
477 1653 52 34 Of
552 1654 96 33 what
673 1654 86 35 does
783 1656 29 32 it
837 1657 120 31 treat?

422 1709 37 34 It
483 1710 117 35 treats
625 1710 42 32 of
691 1709 59 35 the
775 1711 125 44 length
925 1710 41 34 of
990 1713 152 33 musical
1167 1716 102 32 tones
1294 1725 43 22 or
1363 1714 133 36 sounds
1524 1717 113 33 which
1664 1729 61 22 are
1752 1719 234 45 represented

332 1765 49 44 by
407 1763 170 48 syllables
606 1776 41 22 or
675 1766 206 34 characters
910 1767 117 35 called
1052 1772 114 30 notes.
1216 1770 98 34 Such
1339 1773 102 32 notes
1469 1783 61 24 are
1554 1771 133 46 placed
1715 1784 46 22 on
1788 1775 61 33 the
1875 1777 114 31 music

332 1822 93 33 staff
449 1822 38 32 in
509 1821 90 34 each
623 1825 87 30 tune
735 1832 39 24 as
799 1835 84 32 may
907 1824 44 33 be
976 1835 192 33 necessary
1192 1829 39 30 to
1256 1826 105 34 make
1386 1827 59 34 the
1471 1831 86 31 tune
1583 1828 155 35 desired.
1787 1831 128 34 Under
1940 1832 47 32 its

331 1875 204 47 provisions
556 1877 73 33 and
650 1878 257 36 sub-divisions
928 1883 30 30 it
978 1882 30 32 is
1030 1884 38 30 to
1089 1883 115 32 music
1224 1883 96 33 what
1344 1883 84 35 time
1451 1885 30 32 is
1504 1888 36 30 to
1563 1887 143 33 nature.

420 1935 31 32 6.
474 1933 97 35 Does
594 1934 197 46 rhythmics
813 1939 98 30 treat
933 1936 40 34 of
995 1940 84 31 tone
1101 1938 154 45 lengths,
1279 1942 101 30 notes
1404 1941 71 33 and
1500 1943 112 34 rests?

420 1989 85 34 Yes.

424 2046 28 33 7.
477 2044 113 38 What
622 2057 63 22 are
715 2047 61 36 the
806 2050 146 33 various
984 2053 85 30 tone
1100 2051 142 45 lengths
1273 2053 38 33 in
1342 2064 164 24 common
1539 2065 62 22 use
1635 2056 116 34 called
1783 2067 41 23 or
1856 2057 130 33 named

332 2099 188 47 relatively
528 2103 14 32 ?

421 2155 139 44 Whole,
583 2158 91 40 half,
698 2162 162 42 quarter,
882 2161 136 45 eighth,
1042 2164 191 39 sixteenth,
1257 2164 278 45 thirty-second,
1560 2166 127 35 dotted
1712 2169 123 39 whole,
1861 2169 127 33 dotted

332 2213 91 41 half,
441 2211 130 38 dotted
588 2217 163 42 quarter,
769 2217 129 34 dotted
917 2218 123 45 eighth
1058 2221 72 32 and
1148 2220 129 34 dotted
1294 2222 190 35 sixteenth.

420 2272 30 31 8.
476 2270 95 35 How
593 2281 63 23 are
676 2272 60 34 the
756 2284 25 33 y
801 2274 258 45 represented?

420 2325 100 45 They
547 2337 62 22 are
637 2328 234 45 represented
899 2329 47 44 by
975 2331 170 42 syllables
1172 2332 41 33 of
1240 2333 175 34 different
1443 2333 115 36 forms
1585 2335 117 36 called
1731 2339 115 38 notes,
1873 2338 114 33 which

334 2392 61 23 are
422 2381 131 37 named
580 2383 196 47 according
805 2389 36 29 to
870 2386 58 33 the
957 2386 123 45 length
1106 2388 86 34 each
1219 2391 200 44 represent.
1470 2390 66 34 See
1564 2390 125 45 length
1716 2393 42 31 of
1785 2395 103 32 notes
1916 2393 72 33 and

331 2440 93 31 rests
450 2449 40 23 as
515 2438 212 35 heretofore
752 2442 134 33 stated.

419 2497 30 31 9.
476 2496 42 32 In
544 2498 113 32 music
682 2497 101 35 there
808 2509 61 24 are
894 2499 122 34 marks
1040 2500 41 32 of
1106 2502 85 39 rest,
1214 2502 79 32 how
1317 2501 46 34 do
1388 2513 52 24 we
1463 2500 133 38 reckon
1619 2504 120 33 them?

422 2552 57 45 By
503 2552 175 35 different
703 2555 207 34 characters
936 2556 208 37 heretofore
1170 2559 114 43 given.

846 2647 195 35 LESSON
1068 2648 400 36 III—MEASURES.

421 2736 29 31 1.
476 2734 95 35 How
593 2736 30 32 is
645 2736 115 34 music
782 2736 146 35 divided
950 2739 37 31 in
1011 2739 156 32 relation
1190 2743 37 30 to
1251 2742 206 33 measures?

376 2789 120 37 Music
530 2791 30 34 is
597 2791 146 35 divided
779 2794 77 33 into
893 2793 106 35 small
1032 2795 167 44 portions
1236 2795 117 33 called
1387 2792 230 41 “measures”
1651 2796 114 35 which
1803 2808 63 26 are
1902 2798 66 34 sub­

332 2854 147 37 divided
500 2858 79 33 into
601 2857 176 37 accented
796 2860 75 33 and
889 2862 227 33 unaccented
1134 2861 179 46 portions.

415 2914 32 32 2.
471 2913 112 37 What
602 2915 30 33 is
654 2927 21 21 a
693 2917 187 33 measure?

420 2970 36 33 It
480 2970 30 34 is
536 2970 81 34 that
642 2972 152 34 division
821 2973 41 33 of
885 2974 87 33 time
998 2974 49 44 by
1072 2974 113 35 which
1213 2975 60 36 the
1298 2979 204 31 movement
1528 2975 41 34 of
1594 2977 60 33 the
1681 2978 114 33 music
1820 2980 31 32 is
1878 2989 88 33 regu­

319 3021 111 40 lated.
456 3026 36 34 It
515 3027 30 35 is
568 3028 61 32 the
653 3038 109 38 space
785 3029 162 34 between
969 3034 73 30 two
1064 3031 69 33 bar
1155 3030 91 36 lines
1270 3042 46 22 on
1341 3032 60 34 the
1426 3031 102 35 staff.

3655 383 27 48 7

2182 469 31 31 3.
2238 468 76 34 Are
2339 470 100 34 there
2462 471 106 44 parts
2594 473 36 30 to
2656 471 59 34 the
2738 475 186 32 measure?

2173 532 85 42 Yes,
2280 535 62 33 the
2364 538 106 44 parts
2494 537 41 31 of
2559 547 23 22 a
2603 547 166 24 measure
2794 549 61 23 are
2879 539 176 34 manifest
3077 540 48 45 by
3149 541 149 45 regular
3320 544 142 40 counts,
3484 542 189 47 pulsation
3696 554 41 22 or

2084 598 135 38 motion
2245 600 41 33 of
2311 602 61 33 the
2396 601 109 41 hand,
2531 602 116 35 called
2673 602 114 35 beats.

2171 669 32 31 4.
2228 667 96 34 How
2348 678 64 23 are
2435 677 186 28 measures
2648 670 257 45 represented?

2173 735 57 44 By
2255 745 128 35 spaces
2407 734 164 36 between
2597 736 153 35 vertical
2772 738 91 34 lines
2888 739 116 34 called
3029 741 98 40 bars,
3151 741 179 36 extended
3356 752 123 26 across
3505 743 60 35 the
3591 745 100 33 staff.

2171 804 31 32 5.
2227 801 113 35 What
2359 802 31 34 is
2413 813 22 23 a
2457 801 132 37 double
2610 803 90 35 bar?

2165 869 33 33 A
2221 868 131 35 double
2370 870 68 34 bar
2457 871 29 33 is
2506 882 20 21 a
2548 871 115 32 broad
2682 872 67 31 bar
2766 870 125 37 drawn
2909 882 122 25 across
3050 875 59 33 the
3130 876 101 32 staff.

2163 938 29 32 6.
2195 936 113 36 What
2345 937 86 34 does
2468 939 30 33 it
2533 938 186 46 generally
2756 938 154 37 denote?

2163 1001 74 38 The
2261 1005 199 44 beginning
2484 1006 71 32 and
2580 1005 136 45 ending
2739 1007 40 32 of
2804 1018 21 22 a
2849 1007 72 35 line
2944 1008 42 33 of
3009 1010 143 45 poetry.

2172 1073 29 31 7.
2224 1070 114 35 What
2363 1073 30 32 is
2422 1083 21 21 a
2470 1070 116 38 close?

2170 1137 74 35 The
2267 1138 92 34 close
2379 1140 155 33 consists
2555 1140 42 33 of
2619 1143 70 31 two
2712 1141 130 34 double
2866 1142 116 33 broad
3003 1143 84 33 bars
3110 1145 124 32 drawn
3256 1153 122 25 across
3398 1145 61 33 the
3480 1145 102 35 staff.

2167 1493 30 32 8.
2222 1491 112 35 What
2357 1493 30 33 is
2411 1491 150 47 beating
2584 1493 109 35 time?

2169 1549 36 32 It
2223 1548 30 35 is
2273 1549 204 44 indicating
2494 1549 89 33 each
2602 1550 187 44 pulsation
2809 1549 40 33 of
2870 1560 20 21 a
2911 1560 164 23 measure
3096 1550 47 45 by
3163 1552 138 32 certain
3324 1553 136 32 motion
3482 1553 41 33 of
3545 1554 60 33 the
3624 1553 110 40 hand,

2068 1603 103 34 while
2201 1604 165 44 engaged
2395 1606 38 31 in
2464 1604 196 46 rendering
2690 1615 70 34 any
2790 1605 240 44 composition
3061 1606 37 31 in
3129 1607 125 31 music.
3308 1607 38 34 It
3375 1608 113 44 keeps
3516 1609 89 35 time
3636 1609 86 32 with

2068 1660 60 34 the
2149 1660 123 34 music.

2159 1717 30 31 9.
2214 1714 112 35 What
2347 1716 30 33 is
2403 1726 22 22 a
2447 1713 100 36 slur?

2161 1771 34 33 A
2219 1770 134 35 curved
2377 1771 71 34 line
2471 1771 216 48 connecting
2709 1774 71 32 two
2805 1782 41 22 or
2870 1780 99 28 more
2994 1774 102 34 notes
3122 1784 98 33 upon
3245 1774 175 36 different
3444 1775 45 35 de
3489 1794 18 6 ¬

2724 1924 101 35 grees
2848 1915 40 34 of
2910 1916 60 34 the
2992 1916 102 40 staff,
3116 1917 100 33 thus:

2816 1970 51 31 10.
2893 1970 111 34 What
3023 1970 29 33 is
3074 1979 21 24 a
3114 1971 72 32 tie?

2166 2112 35 33 It
2220 2112 29 34 is
2271 2124 20 21 a
2312 2113 158 44 straight
2489 2112 72 34 line
2580 2113 216 43 connecting
2815 2116 71 32 two
2907 2124 41 23 or
2967 2125 100 22 more
3088 2117 103 32 notes
3212 2125 99 33 upon
3330 2114 61 38 the
3411 2127 99 25 same

2169 2171 50 30 11.
2243 2169 113 33 What
2377 2170 30 32 is
2430 2169 61 34 the
2514 2169 78 34 rule
2616 2169 61 34 for
2700 2169 179 46 applying
2901 2171 120 33 words
3045 2171 102 33 when
3171 2172 62 34 the
3255 2172 78 35 slur
3355 2182 43 25 or
3419 2175 51 32 tie
3494 2175 149 35 occurs?

2165 2224 128 45 Apply
2317 2235 67 22 one
2410 2223 153 45 syllable
2586 2225 42 32 of
2652 2224 61 36 the
2738 2226 102 33 word
2863 2228 41 34 to
2929 2237 41 23 as
2994 2237 111 36 many
3128 2231 105 34 notes
3258 2238 41 24 as
3325 2240 63 24 are
3414 2241 40 24 so
3478 2230 209 41 connected,

2165 2281 52 31 12.
2242 2280 112 34 What
2379 2291 61 24 are
2468 2282 114 35 rests?

2166 2336 83 33 Full
2275 2347 138 23 answer
2438 2337 72 34 and
2536 2336 164 47 example
2726 2339 105 43 given
2855 2337 117 38 under
2996 2339 93 36 head
3116 2340 42 33 of
3183 2341 120 38 Rests,

2161 2395 50 29 13.
2236 2393 118 33 Staffs
2377 2394 101 34 when
2500 2394 198 34 connected
2721 2395 47 43 by
2791 2405 22 22 a
2834 2393 109 37 brace
2967 2406 62 23 are
3052 2396 118 34 called
3192 2397 119 40 what?

2160 2449 35 32 It
2220 2450 30 32 is
2276 2449 117 34 called
2420 2460 22 22 a
2467 2460 112 24 score.
2627 2451 68 35 See
2720 2450 176 47 example,

2158 2506 41 31 14
2223 2505 111 34 What
2353 2507 30 32 is
2403 2507 60 33 the
2482 2517 63 23 use
2563 2507 41 32 of
2623 2517 22 21 a
2664 2507 84 33 dot?

2160 2560 37 34 It
2230 2561 91 34 adds
2356 2563 166 33 one-half
2554 2564 38 30 to
2627 2563 60 34 the
2721 2563 124 45 length
2878 2562 43 36 of
2951 2563 62 35 the
3044 2565 86 33 note
3165 2575 43 24 or
3240 2568 76 32 rest
3350 2566 100 35 after
3483 2566 114 40 which
3630 2568 30 38 it
3693 2567 29 36 is

2070 2616 139 43 placed.
2256 2619 68 33 See
2347 2619 161 34 “Dotted
2531 2620 136 41 notes,”
2691 2630 96 36 page
2811 2630 116 26 seven.

2160 2674 50 33 15.
2237 2673 95 34 How
2353 2676 29 32 is
2406 2676 60 34 the
2488 2679 127 41 repeat
2637 2676 105 34 made
2766 2677 72 32 and
2860 2676 97 37 what
2979 2679 85 32 does
3087 2679 30 33 it
3138 2681 127 31 mean?

2160 2728 37 34 It
2217 2730 153 35 consists
2391 2732 43 32 of
2453 2733 82 33 dots
2554 2731 132 47 placed
2706 2735 38 31 in
2763 2734 60 33 the
2845 2743 108 36 space
2973 2737 41 30 at
3034 2736 61 33 the
3114 2735 73 35 left
3206 2736 98 33 hand
3326 2736 42 32 of
3388 2747 22 22 a
3428 2735 69 35 bar
3517 2737 73 33 and
3611 2737 115 35 shows

2073 2786 79 33 that
2179 2785 60 34 the
2266 2786 200 47 preceding
2492 2799 156 35 passage
2678 2791 30 32 is
2735 2793 39 30 to
2802 2792 44 31 be
2875 2792 184 46 repeated.
3110 2793 87 33 And
3224 2792 33 33 if
3286 2793 60 34 the
3376 2797 128 41 repeat
3532 2796 30 31 is
3590 2805 48 22 on
3666 2795 60 31 the

2071 2842 97 43 right
2194 2843 42 32 of
2259 2844 61 32 the
2345 2845 68 32 bar
2437 2846 30 33 it
2492 2846 149 35 denotes
2666 2850 138 42 repeat.
