<?xml version="1.0" encoding="UTF-8"?>
<?xml-stylesheet href="https://raw.githubusercontent.com/sounding-spirit/ocr-correction/master/alto-style.css"?>
<alto xmlns="http://www.loc.gov/standards/alto/ns-v2#"
      xmlns:xlink="http://www.w3.org/1999/xlink"
      xmlns:xsi="http://www.w3.org/2001/XMLSchema-instance"
      xsi:schemaLocation="http://www.loc.gov/standards/alto/ns-v2# http://www.loc.gov/standards/alto/alto-v2.0.xsd">
   <Description>
      <MeasurementUnit>pixel</MeasurementUnit>
      <OCRProcessing ID="IdOcr">
         <ocrProcessingStep>
            <processingDateTime>2020-06-16</processingDateTime>
            <processingSoftware>
               <softwareCreator>ABBYY</softwareCreator>
               <softwareName>ABBYY FineReader Engine</softwareName>
               <softwareVersion>12</softwareVersion>
            </processingSoftware>
         </ocrProcessingStep>
      </OCRProcessing>
   </Description>
   <Styles/>
   <Layout>
      <Page ID="Page1" PHYSICAL_IMG_NR="1" HEIGHT="3430" WIDTH="3986">
         <TopMargin HEIGHT="112" WIDTH="3986" VPOS="0" HPOS="0"/>
         <LeftMargin HEIGHT="3260" WIDTH="18" VPOS="112" HPOS="0"/>
         <RightMargin HEIGHT="3260" WIDTH="73" VPOS="112" HPOS="3913"/>
         <BottomMargin HEIGHT="58" WIDTH="3986" VPOS="3372" HPOS="0"/>
         <PrintSpace HEIGHT="3260" WIDTH="3895" VPOS="112" HPOS="18">
            <TextBlock ID="Page1_Block1"
                       HEIGHT="190"
                       WIDTH="2280"
                       VPOS="409"
                       HPOS="303"
                       language="en-US">
               <Shape>
                  <Polygon POINTS="2490,411 2580,411 2580,412 2581,412 2581,447 2582,447 2582,548 2583,548 2583,567 2582,567 2582,568 2492,568 2492,569 2452,569 2452,570 2391,570 2391,571 2239,571 2239,572 2189,572 2189,573 2087,573 2087,574 1986,574 1986,575 1885,575 1885,576 1784,576 1784,577 1683,577 1683,578 1620,578 1620,579 1582,579 1582,580 1516,580 1516,581 1481,581 1481,582 1467,582 1467,583 1432,583 1432,584 1388,584 1388,585 1380,585 1380,586 1177,586 1177,587 1083,587 1083,588 1076,588 1076,589 1057,589 1057,590 1036,590 1036,591 1007,591 1007,592 975,592 975,593 773,593 773,594 672,594 672,595 581,595 581,596 571,596 571,597 340,597 340,598 306,598 306,563 305,563 305,462 304,462 304,441 367,441 367,440 468,440 468,439 573,439 573,438 746,438 746,437 771,437 771,436 872,436 872,435 1019,435 1019,434 1042,434 1042,433 1064,433 1064,432 1074,432 1074,431 1094,431 1094,430 1176,430 1176,429 1378,429 1378,428 1400,428 1400,427 1434,427 1434,426 1466,426 1466,425 1479,425 1479,424 1507,424 1507,423 1580,423 1580,422 1618,422 1618,421 1681,421 1681,420 1782,420 1782,419 1883,419 1883,418 1985,418 1985,417 2066,417 2066,416 2086,416 2086,415 2202,415 2202,414 2288,414 2288,413 2389,413 2389,412 2490,412 2490,411"/>
               </Shape>
               <TextLine HEIGHT="61" WIDTH="585" VPOS="420" HPOS="1658">
                  <String WC="0.53374999761581421"
                          CONTENT="DETROIT."
                          HEIGHT="59"
                          WIDTH="340"
                          VPOS="422"
                          HPOS="1658">DETROIT.</String>
                  <SP WIDTH="73" VPOS="422" HPOS="1998"> </SP>
                  <String WC="0.43500000238418579"
                          CONTENT="C."
                          HEIGHT="51"
                          WIDTH="61"
                          VPOS="421"
                          HPOS="2071">C.</String>
                  <SP WIDTH="29" VPOS="422" HPOS="2132"> </SP>
                  <String WC="0.44999998807907104"
                          CONTENT="M."
                          HEIGHT="50"
                          WIDTH="82"
                          VPOS="421"
                          HPOS="2161">M.</String>
               </TextLine>
               <TextLine HEIGHT="56" WIDTH="1305" VPOS="480" HPOS="1268">
                  <String WC="0.75333333015441895"
                          CONTENT="“He"
                          HEIGHT="27"
                          WIDTH="78"
                          VPOS="501"
                          HPOS="1268">“He</String>
                  <SP WIDTH="10" VPOS="509" HPOS="1347"> </SP>
                  <String WC="0.58799999952316284"
                          CONTENT="saith"
                          HEIGHT="30"
                          WIDTH="85"
                          VPOS="497"
                          HPOS="1358">saith</String>
                  <SP WIDTH="12" VPOS="497" HPOS="1444"> </SP>
                  <String WC="0.66750001907348633"
                          CONTENT="unto"
                          HEIGHT="26"
                          WIDTH="81"
                          VPOS="498"
                          HPOS="1457">unto</String>
                  <SP WIDTH="10" VPOS="496" HPOS="1539"> </SP>
                  <String WC="0.68000000715255737"
                          CONTENT="him,"
                          HEIGHT="33"
                          WIDTH="79"
                          VPOS="494"
                          HPOS="1550">him,</String>
                  <SP WIDTH="13" VPOS="497" HPOS="1630"> </SP>
                  <String WC="0.81749999523162842"
                          CONTENT="Yea,"
                          HEIGHT="30"
                          WIDTH="75"
                          VPOS="496"
                          HPOS="1644">Yea,</String>
                  <SP WIDTH="13" VPOS="494" HPOS="1720"> </SP>
                  <String WC="0.48199999332427979"
                          CONTENT="Lord;"
                          HEIGHT="35"
                          WIDTH="96"
                          VPOS="491"
                          HPOS="1734">Lord;</String>
                  <SP WIDTH="16" VPOS="493" HPOS="1831"> </SP>
                  <String WC="0.57999998331069946"
                          CONTENT="thou"
                          HEIGHT="28"
                          WIDTH="81"
                          VPOS="490"
                          HPOS="1848">thou</String>
                  <SP WIDTH="9" VPOS="491" HPOS="1930"> </SP>
                  <String WC="0.71428573131561279"
                          CONTENT="knowest"
                          HEIGHT="29"
                          WIDTH="151"
                          VPOS="488"
                          HPOS="1940">knowest</String>
                  <SP WIDTH="10" VPOS="489" HPOS="2092"> </SP>
                  <String WC="0.55000001192092896"
                          CONTENT="I"
                          HEIGHT="25"
                          WIDTH="16"
                          VPOS="489"
                          HPOS="2103">I</String>
                  <SP WIDTH="10" VPOS="487" HPOS="2120"> </SP>
                  <String WC="0.89999997615814209"
                          CONTENT="love"
                          HEIGHT="28"
                          WIDTH="73"
                          VPOS="486"
                          HPOS="2131">love</String>
                  <SP WIDTH="9" VPOS="488" HPOS="2205"> </SP>
                  <String WC="0.84636366367340088"
                          CONTENT="thee.”—John"
                          HEIGHT="37"
                          WIDTH="233"
                          VPOS="483"
                          HPOS="2215">thee.”—John</String>
                  <SP WIDTH="12" VPOS="485" HPOS="2449"> </SP>
                  <String WC="0.87999999523162842"
                          CONTENT="21:"
                          HEIGHT="28"
                          WIDTH="52"
                          VPOS="484"
                          HPOS="2462">21:</String>
                  <SP WIDTH="15" VPOS="484" HPOS="2515"> </SP>
                  <String WC="0.82999998331069946"
                          CONTENT="15."
                          HEIGHT="28"
                          WIDTH="42"
                          VPOS="483"
                          HPOS="2531">15.</String>
               </TextLine>
               <TextLine HEIGHT="57" WIDTH="986" VPOS="534" HPOS="312">
                  <String WC="0.62666666507720947"
                          CONTENT="Philip"
                          HEIGHT="35"
                          WIDTH="150"
                          VPOS="552"
                          HPOS="312">Philip</String>
                  <SP WIDTH="22" VPOS="550" HPOS="462"> </SP>
                  <String WC="0.49099999666213989"
                          CONTENT="Doddridge,"
                          HEIGHT="42"
                          WIDTH="270"
                          VPOS="547"
                          HPOS="484">Doddridge,</String>
                  <SP WIDTH="28" VPOS="544" HPOS="754"> </SP>
                  <String WC="0.58399999141693115"
                          CONTENT="1755."
                          HEIGHT="36"
                          WIDTH="97"
                          VPOS="541"
                          HPOS="782">1755.</String>
                  <SP WIDTH="48" VPOS="541" HPOS="879"> </SP>
                  <String WC="0.76333332061767578"
                          CONTENT="Key"
                          HEIGHT="42"
                          WIDTH="86"
                          VPOS="541"
                          HPOS="927">Key</String>
                  <SP WIDTH="23" VPOS="550" HPOS="1013"> </SP>
                  <String WC="0.99500000476837158"
                          CONTENT="of"
                          HEIGHT="35"
                          WIDTH="45"
                          VPOS="538"
                          HPOS="1036">of</String>
                  <SP WIDTH="19" VPOS="538" HPOS="1081"> </SP>
                  <String WC="0."
                          CONTENT="E"
                          HEIGHT="37"
                          WIDTH="33"
                          VPOS="537"
                          HPOS="1100">E</String>
                  <SP WIDTH="24" VPOS="537" HPOS="1133"> </SP>
                  <String WC="0.67166668176651001"
                          CONTENT="Minor."
                          HEIGHT="36"
                          WIDTH="141"
                          VPOS="535"
                          HPOS="1157">Minor.</String>
               </TextLine>
            </TextBlock>
            <TextBlock ID="Page1_Block2"
                       HEIGHT="193"
                       WIDTH="356"
                       VPOS="408"
                       HPOS="3259"
                       language="en-US">
               <Shape>
                  <Polygon POINTS="3259,414 3310,414 3310,415 3335,415 3335,416 3421,416 3421,417 3504,417 3504,418 3613,418 3613,440 3614,440 3614,542 3615,542 3615,597 3605,597 3605,598 3496,598 3496,597 3381,597 3381,596 3352,596 3352,595 3297,595 3297,594 3266,594 3266,593 3261,593 3261,545 3260,545 3260,443 3259,443 3259,414"/>
               </Shape>
               <TextLine HEIGHT="47" WIDTH="77" VPOS="426" HPOS="3529">
                  <String WC="0.33000001311302185"
                          CONTENT="39"
                          HEIGHT="47"
                          WIDTH="77"
                          VPOS="426"
                          HPOS="3529">39</String>
               </TextLine>
               <TextLine HEIGHT="42" WIDTH="245" VPOS="510" HPOS="3269">
                  <String WC="0.73666667938232422"
                          CONTENT="Bradshaw."
                          HEIGHT="42"
                          WIDTH="245"
                          VPOS="510"
                          HPOS="3269">Bradshaw.</String>
               </TextLine>
               <TextLine HEIGHT="38" WIDTH="143" VPOS="553" HPOS="3367">
                  <String WC="0.74000000953674316"
                          CONTENT="1"
                          HEIGHT="32"
                          WIDTH="19"
                          VPOS="556"
                          HPOS="3367">1</String>
                  <SP WIDTH="101" VPOS="555" HPOS="3386"> </SP>
                  <String WC="0.95999997854232788"
                          CONTENT="2"
                          HEIGHT="30"
                          WIDTH="22"
                          VPOS="557"
                          HPOS="3488">2</String>
               </TextLine>
            </TextBlock>
            <TextBlock ID="Page1_Block3"
                       HEIGHT="95"
                       WIDTH="1452"
                       VPOS="735"
                       HPOS="359"
                       language="en-US">
               <Shape>
                  <Polygon POINTS="1784,735 1810,735 1810,755 1811,755 1811,808 1786,808 1786,809 1684,809 1684,810 1622,810 1622,811 1583,811 1583,812 1518,812 1518,813 1482,813 1482,814 1468,814 1468,815 1424,815 1424,816 1381,816 1381,817 1280,817 1280,818 1099,818 1099,819 1078,819 1078,820 1064,820 1064,821 1041,821 1041,822 1011,822 1011,823 977,823 977,824 774,824 774,825 769,825 769,826 673,826 673,827 572,827 572,828 471,828 471,829 361,829 361,765 360,765 360,756 369,756 369,755 576,755 576,754 672,754 672,753 773,753 773,752 777,752 777,751 874,751 874,750 1021,750 1021,749 1046,749 1046,748 1069,748 1069,747 1076,747 1076,746 1109,746 1109,745 1178,745 1178,744 1380,744 1380,743 1427,743 1427,742 1467,742 1467,741 1481,741 1481,740 1510,740 1510,739 1582,739 1582,738 1621,738 1621,737 1683,737 1683,736 1784,736 1784,735"/>
               </Shape>
               <TextLine HEIGHT="69" WIDTH="1435" VPOS="753" HPOS="368">
                  <String WC="0.56999999284744263"
                          CONTENT="i."
                          HEIGHT="25"
                          WIDTH="28"
                          VPOS="790"
                          HPOS="368">i.</String>
                  <SP WIDTH="28" VPOS="778" HPOS="397"> </SP>
                  <String WC="0.69499999284744263"
                          CONTENT="Do"
                          HEIGHT="36"
                          WIDTH="57"
                          VPOS="777"
                          HPOS="426">Do</String>
                  <SP WIDTH="62" VPOS="787" HPOS="484"> </SP>
                  <String WC="0.71333330869674683"
                          CONTENT="not"
                          HEIGHT="35"
                          WIDTH="63"
                          VPOS="777"
                          HPOS="547">not</String>
                  <SP WIDTH="36" VPOS="774" HPOS="611"> </SP>
                  <String WC="0.40999999642372131"
                          CONTENT="I"
                          HEIGHT="33"
                          WIDTH="11"
                          VPOS="775"
                          HPOS="648">I</String>
                  <SP WIDTH="60" VPOS="772" HPOS="660"> </SP>
                  <String WC="1."
                          CONTENT="love"
                          HEIGHT="37"
                          WIDTH="80"
                          VPOS="771"
                          HPOS="721">love</String>
                  <SP WIDTH="28" VPOS="770" HPOS="802"> </SP>
                  <String WC="0.79799997806549072"
                          CONTENT="Thee,"
                          HEIGHT="44"
                          WIDTH="113"
                          VPOS="769"
                          HPOS="831">Thee,</String>
                  <SP WIDTH="19" VPOS="768" HPOS="945"> </SP>
                  <String WC="1."
                          CONTENT="O"
                          HEIGHT="37"
                          WIDTH="37"
                          VPOS="767"
                          HPOS="965">O</String>
                  <SP WIDTH="32" VPOS="766" HPOS="1003"> </SP>
                  <String WC="0.8399999737739563"
                          CONTENT="my"
                          HEIGHT="36"
                          WIDTH="62"
                          VPOS="776"
                          HPOS="1036">my</String>
                  <SP WIDTH="16" VPOS="767" HPOS="1099"> </SP>
                  <String WC="0.95200002193450928"
                          CONTENT="Lord?"
                          HEIGHT="37"
                          WIDTH="108"
                          VPOS="765"
                          HPOS="1116">Lord?</String>
                  <SP WIDTH="32" VPOS="765" HPOS="1225"> </SP>
                  <String WC="0.84285712242126465"
                          CONTENT="Be-hold"
                          HEIGHT="38"
                          WIDTH="152"
                          VPOS="762"
                          HPOS="1258">Be-hold</String>
                  <SP WIDTH="17" VPOS="762" HPOS="1411"> </SP>
                  <String WC="0.87999999523162842"
                          CONTENT="my"
                          HEIGHT="35"
                          WIDTH="61"
                          VPOS="772"
                          HPOS="1429">my</String>
                  <SP WIDTH="15" VPOS="761" HPOS="1491"> </SP>
                  <String WC="0.92333334684371948"
                          CONTENT="heart,"
                          HEIGHT="44"
                          WIDTH="115"
                          VPOS="759"
                          HPOS="1507">heart,</String>
                  <SP WIDTH="17" VPOS="769" HPOS="1623"> </SP>
                  <String WC="0.86333334445953369"
                          CONTENT="and"
                          HEIGHT="35"
                          WIDTH="71"
                          VPOS="758"
                          HPOS="1641">and</String>
                  <SP WIDTH="16" VPOS="758" HPOS="1713"> </SP>
                  <String WC="0.92500001192092896"
                          CONTENT="see,"
                          HEIGHT="33"
                          WIDTH="73"
                          VPOS="767"
                          HPOS="1730">see,</String>
               </TextLine>
            </TextBlock>
            <TextBlock ID="Page1_Block4"
                       HEIGHT="72"
                       WIDTH="749"
                       VPOS="727"
                       HPOS="1947"
                       language="en-US">
               <Shape>
                  <Polygon POINTS="2694,727 2695,727 2695,749 2696,749 2696,789 2695,789 2695,790 2667,790 2667,791 2595,791 2595,792 2493,792 2493,793 2454,793 2454,794 2392,794 2392,795 2190,795 2190,796 2089,796 2089,797 1988,797 1988,798 1948,798 1948,755 1947,755 1947,736 1987,736 1987,735 2088,735 2088,734 2189,734 2189,733 2290,733 2290,732 2391,732 2391,731 2446,731 2446,730 2593,730 2593,729 2656,729 2656,728 2694,728 2694,727"/>
               </Shape>
               <TextLine HEIGHT="47" WIDTH="732" VPOS="744" HPOS="1956">
                  <String WC="1."
                          CONTENT="And"
                          HEIGHT="37"
                          WIDTH="82"
                          VPOS="752"
                          HPOS="1956">And</String>
                  <SP WIDTH="83" VPOS="752" HPOS="2038"> </SP>
                  <String WC="0.75249999761581421"
                          CONTENT="turn"
                          HEIGHT="35"
                          WIDTH="83"
                          VPOS="753"
                          HPOS="2122">turn</String>
                  <SP WIDTH="39" VPOS="762" HPOS="2206"> </SP>
                  <String WC="0.76999998092651367"
                          CONTENT="each"
                          HEIGHT="36"
                          WIDTH="87"
                          VPOS="750"
                          HPOS="2245">each</String>
                  <SP WIDTH="18" VPOS="751" HPOS="2332"> </SP>
                  <String WC="0.88999998569488525"
                          CONTENT="curs"
                          HEIGHT="25"
                          WIDTH="81"
                          VPOS="759"
                          HPOS="2351">curs</String>
                  <SP WIDTH="10" VPOS="759" HPOS="2433"> </SP>
                  <String WC="1."
                          CONTENT="-"
                          HEIGHT="6"
                          WIDTH="13"
                          VPOS="767"
                          HPOS="2444">-</String>
                  <SP WIDTH="10" VPOS="758" HPOS="2458"> </SP>
                  <String WC="1."
                          CONTENT="ed"
                          HEIGHT="37"
                          WIDTH="43"
                          VPOS="746"
                          HPOS="2468">ed</String>
                  <SP WIDTH="46" VPOS="746" HPOS="2511"> </SP>
                  <String WC="0.62000000476837158"
                          CONTENT="i"
                          HEIGHT="34"
                          WIDTH="10"
                          VPOS="747"
                          HPOS="2557">i</String>
                  <SP WIDTH="26" VPOS="747" HPOS="2567"> </SP>
                  <String WC="0.69999998807907104"
                          CONTENT="■"
                          HEIGHT="8"
                          WIDTH="11"
                          VPOS="765"
                          HPOS="2594">■</String>
                  <SP WIDTH="25" VPOS="747" HPOS="2605"> </SP>
                  <String WC="0.81333333253860474"
                          CONTENT="dol"
                          HEIGHT="37"
                          WIDTH="58"
                          VPOS="745"
                          HPOS="2630">dol</String>
               </TextLine>
            </TextBlock>
            <TextBlock ID="Page1_Block5"
                       HEIGHT="125"
                       WIDTH="825"
                       VPOS="710"
                       HPOS="2741"
                       language="en-US">
               <Shape>
                  <Polygon POINTS="3200,716 3247,716 3247,717 3316,717 3316,718 3411,718 3411,719 3452,719 3452,720 3558,720 3558,721 3565,721 3565,744 3566,744 3566,827 3490,827 3490,826 2742,826 2742,750 2741,750 2741,719 2998,719 2998,718 3027,718 3027,717 3200,717 3200,716"/>
               </Shape>
               <TextLine HEIGHT="66" WIDTH="809" VPOS="731" HPOS="2749">
                  <String WC="0.90499997138977051"
                          CONTENT="out,"
                          HEIGHT="41"
                          WIDTH="77"
                          VPOS="747"
                          HPOS="2749">out,</String>
                  <SP WIDTH="18" VPOS="743" HPOS="2826"> </SP>
                  <String WC="0.86500000953674316"
                          CONTENT="That"
                          HEIGHT="37"
                          WIDTH="100"
                          VPOS="743"
                          HPOS="2844">That</String>
                  <SP WIDTH="16" VPOS="744" HPOS="2944"> </SP>
                  <String WC="0.92199999094009399"
                          CONTENT="dares"
                          HEIGHT="38"
                          WIDTH="105"
                          VPOS="742"
                          HPOS="2960">dares</String>
                  <SP WIDTH="15" VPOS="746" HPOS="3065"> </SP>
                  <String WC="0.99000000953674316"
                          CONTENT="to"
                          HEIGHT="34"
                          WIDTH="38"
                          VPOS="745"
                          HPOS="3080">to</String>
                  <SP WIDTH="24" VPOS="753" HPOS="3119"> </SP>
                  <String WC="0.90333330631256104"
                          CONTENT="riv"
                          HEIGHT="35"
                          WIDTH="56"
                          VPOS="743"
                          HPOS="3143">riv</String>
                  <SP WIDTH="22" VPOS="754" HPOS="3200"> </SP>
                  <String WC="0.95999997854232788"
                          CONTENT="-"
                          HEIGHT="6"
                          WIDTH="14"
                          VPOS="761"
                          HPOS="3223">-</String>
                  <SP WIDTH="22" VPOS="753" HPOS="3238"> </SP>
                  <String WC="0.56999999284744263"
                          CONTENT="al"
                          HEIGHT="38"
                          WIDTH="34"
                          VPOS="741"
                          HPOS="3260">al</String>
                  <SP WIDTH="18" VPOS="739" HPOS="3294"> </SP>
                  <String WC="0.92799997329711914"
                          CONTENT="Thee."
                          HEIGHT="41"
                          WIDTH="112"
                          VPOS="738"
                          HPOS="3312">Thee.</String>
                  <SP WIDTH="22" VPOS="739" HPOS="3424"> </SP>
                  <String WC="0.92799997329711914"
                          CONTENT="Thee."
                          HEIGHT="39"
                          WIDTH="112"
                          VPOS="739"
                          HPOS="3446">Thee.</String>
               </TextLine>
               <TextLine HEIGHT="37" WIDTH="145" VPOS="783" HPOS="3363">
                  <String WC="0.73000001907348633"
                          CONTENT="1"
                          HEIGHT="31"
                          WIDTH="18"
                          VPOS="787"
                          HPOS="3363">1</String>
                  <SP WIDTH="103" VPOS="784" HPOS="3382"> </SP>
                  <String WC="0.56000000238418579"
                          CONTENT="2"
                          HEIGHT="30"
                          WIDTH="22"
                          VPOS="786"
                          HPOS="3486">2</String>
               </TextLine>
            </TextBlock>
            <ComposedBlock ID="Page1_Block6"
                           HEIGHT="415"
                           WIDTH="3216"
                           VPOS="964"
                           HPOS="358"
                           TYPE="table">
               <TextBlock ID="Page1_Block7"
                          HEIGHT="201"
                          WIDTH="1526"
                          VPOS="984"
                          HPOS="358"
                          language="en-US">
                  <Shape>
                     <Polygon POINTS="1786,984 1882,984 1882,1058 1883,1058 1883,1159 1884,1159 1884,1162 1883,1162 1883,1163 1788,1163 1788,1164 1687,1164 1687,1165 1626,1165 1626,1166 1585,1166 1585,1167 1522,1167 1522,1168 1484,1168 1484,1169 1462,1169 1462,1170 1383,1170 1383,1171 1181,1171 1181,1172 1107,1172 1107,1173 1080,1173 1080,1174 1065,1174 1065,1175 1038,1175 1038,1176 979,1176 979,1177 878,1177 878,1178 794,1178 794,1179 776,1179 776,1180 675,1180 675,1181 587,1181 587,1182 574,1182 574,1183 473,1183 473,1184 362,1184 362,1183 361,1183 361,1169 360,1169 360,1068 359,1068 359,1005 370,1005 370,1004 572,1004 572,1003 578,1003 578,1002 736,1002 736,1001 775,1001 775,1000 824,1000 824,999 876,999 876,998 1025,998 1025,997 1053,997 1053,996 1078,996 1078,995 1079,995 1079,994 1154,994 1154,993 1179,993 1179,992 1381,992 1381,991 1465,991 1465,990 1482,990 1482,989 1513,989 1513,988 1584,988 1584,987 1624,987 1624,986 1685,986 1685,985 1786,985 1786,984"/>
                  </Shape>
                  <TextLine HEIGHT="67" WIDTH="1446" VPOS="1015" HPOS="366">
                     <String WC="0.79500001668930054"
                             CONTENT="2."
                             HEIGHT="25"
                             WIDTH="33"
                             VPOS="1050"
                             HPOS="366">2.</String>
                     <SP WIDTH="27" VPOS="1038" HPOS="399"> </SP>
                     <String WC="1."
                             CONTENT="Do"
                             HEIGHT="36"
                             WIDTH="60"
                             VPOS="1037"
                             HPOS="426">Do</String>
                     <SP WIDTH="62" VPOS="1046" HPOS="486"> </SP>
                     <String WC="0.68666666746139526"
                             CONTENT="not"
                             HEIGHT="35"
                             WIDTH="64"
                             VPOS="1036"
                             HPOS="548">not</String>
                     <SP WIDTH="40" VPOS="1033" HPOS="612"> </SP>
                     <String WC="0.43000000715255737"
                             CONTENT="I"
                             HEIGHT="35"
                             WIDTH="12"
                             VPOS="1033"
                             HPOS="652">I</String>
                     <SP WIDTH="61" VPOS="1032" HPOS="664"> </SP>
                     <String WC="0.99000000953674316"
                             CONTENT="love"
                             HEIGHT="38"
                             WIDTH="82"
                             VPOS="1030"
                             HPOS="725">love</String>
                     <SP WIDTH="28" VPOS="1030" HPOS="807"> </SP>
                     <String WC="1."
                             CONTENT="Thee"
                             HEIGHT="36"
                             WIDTH="101"
                             VPOS="1029"
                             HPOS="835">Thee</String>
                     <SP WIDTH="17" VPOS="1029" HPOS="936"> </SP>
                     <String WC="0.92000001668930054"
                             CONTENT="from"
                             HEIGHT="38"
                             WIDTH="91"
                             VPOS="1027"
                             HPOS="953">from</String>
                     <SP WIDTH="19" VPOS="1037" HPOS="1044"> </SP>
                     <String WC="1."
                             CONTENT="my"
                             HEIGHT="35"
                             WIDTH="63"
                             VPOS="1036"
                             HPOS="1063">my</String>
                     <SP WIDTH="15" VPOS="1037" HPOS="1126"> </SP>
                     <String WC="0.72750002145767212"
                             CONTENT="souk"
                             HEIGHT="36"
                             WIDTH="91"
                             VPOS="1026"
                             HPOS="1141">souk</String>
                     <SP WIDTH="22" VPOS="1024" HPOS="1232"> </SP>
                     <String WC="0.95249998569488525"
                             CONTENT="Then"
                             HEIGHT="37"
                             WIDTH="103"
                             VPOS="1023"
                             HPOS="1255">Then</String>
                     <SP WIDTH="17" VPOS="1023" HPOS="1359"> </SP>
                     <String WC="0.88333332538604736"
                             CONTENT="let"
                             HEIGHT="37"
                             WIDTH="49"
                             VPOS="1022"
                             HPOS="1377">let</String>
                     <SP WIDTH="15" VPOS="1024" HPOS="1427"> </SP>
                     <String WC="0.86000001430511475"
                             CONTENT="me"
                             HEIGHT="27"
                             WIDTH="55"
                             VPOS="1030"
                             HPOS="1443">me</String>
                     <SP WIDTH="17" VPOS="1030" HPOS="1499"> </SP>
                     <String WC="0.85624998807907104"
                             CONTENT="noth-ing"
                             HEIGHT="43"
                             WIDTH="168"
                             VPOS="1018"
                             HPOS="1517">noth-ing</String>
                     <SP WIDTH="35" VPOS="1016" HPOS="1685"> </SP>
                     <String WC="0.98199999332427979"
                             CONTENT="love;"
                             HEIGHT="40"
                             WIDTH="91"
                             VPOS="1015"
                             HPOS="1720">love;</String>
                  </TextLine>
               </TextBlock>
               <TextBlock ID="Page1_Block8"
                          HEIGHT="182"
                          WIDTH="206"
                          VPOS="981"
                          HPOS="1882"
                          language="en-US">
                  <Shape>
                     <Polygon POINTS="1988,982 2086,982 2086,1057 2087,1057 2087,1158 2088,1158 2088,1160 2087,1160 2087,1161 1990,1161 1990,1162 1889,1162 1889,1163 1884,1163 1884,1160 1883,1160 1883,1059 1882,1059 1882,984 1887,984 1887,983 1988,983 1988,982"/>
                  </Shape>
                  <TextLine HEIGHT="37" WIDTH="105" VPOS="1012" HPOS="1951">
                     <String WC="0.99750000238418579"
                             CONTENT="Dead"
                             HEIGHT="37"
                             WIDTH="105"
                             VPOS="1012"
                             HPOS="1951">Dead</String>
                  </TextLine>
               </TextBlock>
               <TextBlock ID="Page1_Block9"
                          HEIGHT="182"
                          WIDTH="144"
                          VPOS="980"
                          HPOS="2086"
                          language="en-US">
                  <Shape>
                     <Polygon POINTS="2089,981 2228,981 2228,1056 2229,1056 2229,1157 2230,1157 2230,1160 2192,1160 2192,1161 2088,1161 2088,1159 2087,1159 2087,1057 2086,1057 2086,982 2089,982 2089,981"/>
                  </Shape>
                  <TextLine HEIGHT="36" WIDTH="44" VPOS="1011" HPOS="2141">
                     <String WC="1."
                             CONTENT="be"
                             HEIGHT="36"
                             WIDTH="44"
                             VPOS="1011"
                             HPOS="2141">be</String>
                  </TextLine>
               </TextBlock>
               <TextBlock ID="Page1_Block10"
                          HEIGHT="187"
                          WIDTH="490"
                          VPOS="974"
                          HPOS="2228"
                          language="en-US">
                  <Shape>
                     <Polygon POINTS="2710,974 2716,974 2716,1053 2717,1053 2717,1154 2698,1154 2698,1155 2697,1155 2697,1156 2639,1156 2639,1157 2496,1157 2496,1158 2457,1158 2457,1159 2395,1159 2395,1160 2230,1160 2230,1158 2229,1158 2229,1057 2228,1057 2228,981 2291,981 2291,980 2393,980 2393,979 2449,979 2449,978 2494,978 2494,977 2657,977 2657,976 2696,976 2696,975 2710,975 2710,974"/>
                  </Shape>
                  <TextLine HEIGHT="51" WIDTH="433" VPOS="1004" HPOS="2248">
                     <String WC="1."
                             CONTENT="my"
                             HEIGHT="34"
                             WIDTH="61"
                             VPOS="1020"
                             HPOS="2248">my</String>
                     <SP WIDTH="15" VPOS="1009" HPOS="2310"> </SP>
                     <String WC="0.88599997758865356"
                             CONTENT="heart"
                             HEIGHT="38"
                             WIDTH="103"
                             VPOS="1008"
                             HPOS="2326">heart</String>
                     <SP WIDTH="13" VPOS="1011" HPOS="2430"> </SP>
                     <String WC="0.79500001668930054"
                             CONTENT="to"
                             HEIGHT="34"
                             WIDTH="36"
                             VPOS="1010"
                             HPOS="2444">to</String>
                     <SP WIDTH="61" VPOS="1017" HPOS="2481"> </SP>
                     <String WC="1."
                             CONTENT="ev"
                             HEIGHT="24"
                             WIDTH="46"
                             VPOS="1018"
                             HPOS="2543">ev</String>
                     <SP WIDTH="10" VPOS="1017" HPOS="2590"> </SP>
                     <String WC="1."
                             CONTENT="-"
                             HEIGHT="6"
                             WIDTH="11"
                             VPOS="1025"
                             HPOS="2601">-</String>
                     <SP WIDTH="12" VPOS="1005" HPOS="2613"> </SP>
                     <String WC="1."
                             CONTENT="’ry"
                             HEIGHT="45"
                             WIDTH="55"
                             VPOS="1005"
                             HPOS="2626">’ry</String>
                  </TextLine>
               </TextBlock>
               <TextBlock ID="Page1_Block11"
                          HEIGHT="195"
                          WIDTH="723"
                          VPOS="966"
                          HPOS="2716"
                          language="en-US">
                  <Shape>
                     <Polygon POINTS="3101,972 3261,972 3261,973 3409,973 3409,974 3437,974 3437,1048 3438,1048 3438,1149 3439,1149 3439,1154 3393,1154 3393,1155 2900,1155 2900,1156 2891,1156 2891,1155 2747,1155 2747,1154 2717,1154 2717,1054 2716,1054 2716,974 2999,974 2999,973 3101,973 3101,972"/>
                  </Shape>
                  <TextLine HEIGHT="60" WIDTH="668" VPOS="995" HPOS="2748">
                     <String WC="0.8566666841506958"
                             CONTENT="joy"
                             HEIGHT="45"
                             WIDTH="64"
                             VPOS="1004"
                             HPOS="2748">joy</String>
                     <SP WIDTH="24" VPOS="1004" HPOS="2813"> </SP>
                     <String WC="0.87999999523162842"
                             CONTENT="When"
                             HEIGHT="40"
                             WIDTH="123"
                             VPOS="1003"
                             HPOS="2838">When</String>
                     <SP WIDTH="19" VPOS="1003" HPOS="2962"> </SP>
                     <String WC="0.81000000238418579"
                             CONTENT="Je"
                             HEIGHT="38"
                             WIDTH="42"
                             VPOS="1002"
                             HPOS="2982">Je</String>
                     <SP WIDTH="13" VPOS="1014" HPOS="3025"> </SP>
                     <String WC="0.57999998331069946"
                             CONTENT="■"
                             HEIGHT="7"
                             WIDTH="11"
                             VPOS="1021"
                             HPOS="3039">■</String>
                     <SP WIDTH="10" VPOS="1014" HPOS="3051"> </SP>
                     <String WC="0.98000001907348633"
                             CONTENT="sus"
                             HEIGHT="27"
                             WIDTH="65"
                             VPOS="1012"
                             HPOS="3062">sus</String>
                     <SP WIDTH="8" VPOS="1012" HPOS="3128"> </SP>
                     <String WC="0.90714287757873535"
                             CONTENT="can-not"
                             HEIGHT="36"
                             WIDTH="149"
                             VPOS="1003"
                             HPOS="3137">can-not</String>
                     <SP WIDTH="10" VPOS="1005" HPOS="3287"> </SP>
                     <String WC="0.93599998950958252"
                             CONTENT="move."
                             HEIGHT="31"
                             WIDTH="117"
                             VPOS="1008"
                             HPOS="3298">move.</String>
                  </TextLine>
               </TextBlock>
               <TextBlock ID="Page1_Block12"
                          HEIGHT="182"
                          WIDTH="136"
                          VPOS="973"
                          HPOS="3436"
                          language="en-US">
                  <Shape>
                     <Polygon POINTS="3438,974 3525,974 3525,975 3570,975 3570,1047 3571,1047 3571,1149 3572,1149 3572,1153 3571,1153 3571,1154 3507,1154 3507,1155 3492,1155 3492,1154 3439,1154 3439,1150 3438,1150 3438,1049 3437,1049 3437,975 3438,975 3438,974"/>
                  </Shape>
                  <TextLine HEIGHT="27" WIDTH="117" VPOS="1011" HPOS="3444">
                     <String WC="0.98600000143051147"
                             CONTENT="move."
                             HEIGHT="27"
                             WIDTH="117"
                             VPOS="1011"
                             HPOS="3444">move.</String>
                  </TextLine>
                  <TextLine HEIGHT="27" WIDTH="24" VPOS="1046" HPOS="3486">
                     <String WC="0.2800000011920929"
                             CONTENT="2"
                             HEIGHT="27"
                             WIDTH="24"
                             VPOS="1046"
                             HPOS="3486">2</String>
                  </TextLine>
               </TextBlock>
               <TextBlock ID="Page1_Block13"
                          HEIGHT="211"
                          WIDTH="1526"
                          VPOS="1163"
                          HPOS="360"
                          language="en-US">
                  <Shape>
                     <Polygon POINTS="1787,1163 1884,1163 1884,1242 1885,1242 1885,1260 1886,1260 1886,1352 1789,1352 1789,1353 1688,1353 1688,1354 1627,1354 1627,1355 1587,1355 1587,1356 1523,1356 1523,1357 1486,1357 1486,1358 1459,1358 1459,1359 1283,1359 1283,1360 1153,1360 1153,1361 1082,1361 1082,1362 1081,1362 1081,1363 1050,1363 1050,1364 1011,1364 1011,1365 980,1365 980,1366 879,1366 879,1367 778,1367 778,1368 775,1368 775,1369 676,1369 676,1370 589,1370 589,1371 575,1371 575,1372 373,1372 373,1373 364,1373 364,1371 363,1371 363,1270 362,1270 362,1268 361,1268 361,1184 371,1184 371,1183 573,1183 573,1182 580,1182 580,1181 675,1181 675,1180 776,1180 776,1179 794,1179 794,1178 877,1178 877,1177 978,1177 978,1176 1038,1176 1038,1175 1065,1175 1065,1174 1079,1174 1079,1173 1107,1173 1107,1172 1180,1172 1180,1171 1281,1171 1281,1170 1462,1170 1462,1169 1484,1169 1484,1168 1515,1168 1515,1167 1585,1167 1585,1166 1626,1166 1626,1165 1686,1165 1686,1164 1787,1164 1787,1163"/>
                  </Shape>
                  <TextLine HEIGHT="70" WIDTH="1446" VPOS="1274" HPOS="371">
                     <String WC="0.82499998807907104"
                             CONTENT="3."
                             HEIGHT="33"
                             WIDTH="30"
                             VPOS="1310"
                             HPOS="371">3.</String>
                     <SP WIDTH="27" VPOS="1297" HPOS="402"> </SP>
                     <String WC="0.99750000238418579"
                             CONTENT="Thou"
                             HEIGHT="36"
                             WIDTH="106"
                             VPOS="1296"
                             HPOS="430">Thou</String>
                     <SP WIDTH="16" VPOS="1296" HPOS="537"> </SP>
                     <String WC="0.94571429491043091"
                             CONTENT="know’st"
                             HEIGHT="40"
                             WIDTH="165"
                             VPOS="1291"
                             HPOS="554">know’st</String>
                     <SP WIDTH="16" VPOS="1292" HPOS="720"> </SP>
                     <String WC="0.49000000953674316"
                             CONTENT="I"
                             HEIGHT="35"
                             WIDTH="11"
                             VPOS="1291"
                             HPOS="737">I</String>
                     <SP WIDTH="16" VPOS="1291" HPOS="749"> </SP>
                     <String WC="0.82749998569488525"
                             CONTENT="love"
                             HEIGHT="37"
                             WIDTH="81"
                             VPOS="1290"
                             HPOS="766">love</String>
                     <SP WIDTH="16" VPOS="1289" HPOS="848"> </SP>
                     <String WC="0.98000001907348633"
                             CONTENT="Thee,"
                             HEIGHT="44"
                             WIDTH="113"
                             VPOS="1288"
                             HPOS="865">Thee,</String>
                     <SP WIDTH="17" VPOS="1287" HPOS="979"> </SP>
                     <String WC="0.95249998569488525"
                             CONTENT="dear-est"
                             HEIGHT="42"
                             WIDTH="157"
                             VPOS="1283"
                             HPOS="997">dear-est</String>
                     <SP WIDTH="16" VPOS="1285" HPOS="1155"> </SP>
                     <String WC="0.8619999885559082"
                             CONTENT="Lord,"
                             HEIGHT="44"
                             WIDTH="106"
                             VPOS="1284"
                             HPOS="1172">Lord,</String>
                     <SP WIDTH="19" VPOS="1283" HPOS="1279"> </SP>
                     <String WC="0.70999997854232788"
                             CONTENT="But"
                             HEIGHT="36"
                             WIDTH="72"
                             VPOS="1283"
                             HPOS="1299">But</String>
                     <SP WIDTH="15" VPOS="1280" HPOS="1372"> </SP>
                     <String WC="1."
                             CONTENT="O"
                             HEIGHT="37"
                             WIDTH="38"
                             VPOS="1280"
                             HPOS="1388">O</String>
                     <SP WIDTH="34" VPOS="1280" HPOS="1427"> </SP>
                     <String WC="0.38999998569488525"
                             CONTENT="I"
                             HEIGHT="34"
                             WIDTH="11"
                             VPOS="1281"
                             HPOS="1462">I</String>
                     <SP WIDTH="48" VPOS="1278" HPOS="1474"> </SP>
                     <String WC="0.93500000238418579"
                             CONTENT="long"
                             HEIGHT="43"
                             WIDTH="83"
                             VPOS="1278"
                             HPOS="1523">long</String>
                     <SP WIDTH="17" VPOS="1280" HPOS="1607"> </SP>
                     <String WC="0.88499999046325684"
                             CONTENT="to"
                             HEIGHT="33"
                             WIDTH="37"
                             VPOS="1280"
                             HPOS="1625">to</String>
                     <SP WIDTH="72" VPOS="1287" HPOS="1663"> </SP>
                     <String WC="0.98000001907348633"
                             CONTENT="soar"
                             HEIGHT="25"
                             WIDTH="81"
                             VPOS="1286"
                             HPOS="1736">soar</String>
                  </TextLine>
               </TextBlock>
               <TextBlock ID="Page1_Block14"
                          HEIGHT="191"
                          WIDTH="206"
                          VPOS="1161"
                          HPOS="1884"
                          language="en-US">
                  <Shape>
                     <Polygon POINTS="1989,1161 2088,1161 2088,1240 2089,1240 2089,1259 2090,1259 2090,1350 1991,1350 1991,1351 1890,1351 1890,1352 1887,1352 1887,1351 1886,1351 1886,1261 1885,1261 1885,1249 1884,1249 1884,1163 1888,1163 1888,1162 1989,1162 1989,1161"/>
                  </Shape>
                  <TextLine HEIGHT="37" WIDTH="68" VPOS="1272" HPOS="1969">
                     <String WC="0.88666665554046631"
                             CONTENT="Far"
                             HEIGHT="37"
                             WIDTH="68"
                             VPOS="1272"
                             HPOS="1969">Far</String>
                  </TextLine>
               </TextBlock>
               <TextBlock ID="Page1_Block15"
                          HEIGHT="193"
                          WIDTH="144"
                          VPOS="1159"
                          HPOS="2088"
                          language="en-US">
                  <Shape>
                     <Polygon POINTS="2090,1160 2229,1160 2229,1161 2230,1161 2230,1241 2231,1241 2231,1258 2232,1258 2232,1349 2231,1349 2231,1350 2193,1350 2193,1351 2177,1351 2177,1350 2091,1350 2091,1349 2090,1349 2090,1260 2089,1260 2089,1247 2088,1247 2088,1161 2090,1161 2090,1160"/>
                  </Shape>
                  <TextLine HEIGHT="36" WIDTH="92" VPOS="1271" HPOS="2120">
                     <String WC="0.98750001192092896"
                             CONTENT="from"
                             HEIGHT="36"
                             WIDTH="92"
                             VPOS="1271"
                             HPOS="2120">from</String>
                  </TextLine>
               </TextBlock>
               <TextBlock ID="Page1_Block16"
                          HEIGHT="197"
                          WIDTH="490"
                          VPOS="1154"
                          HPOS="2230"
                          language="en-US">
                  <Shape>
                     <Polygon POINTS="2698,1154 2717,1154 2717,1155 2718,1155 2718,1236 2719,1236 2719,1255 2720,1255 2720,1344 2699,1344 2699,1345 2686,1345 2686,1346 2598,1346 2598,1347 2497,1347 2497,1348 2396,1348 2396,1349 2295,1349 2295,1350 2232,1350 2232,1259 2231,1259 2231,1248 2230,1248 2230,1160 2293,1160 2293,1159 2450,1159 2450,1158 2495,1158 2495,1157 2596,1157 2596,1156 2697,1156 2697,1155 2698,1155 2698,1154"/>
                  </Shape>
                  <TextLine HEIGHT="50" WIDTH="433" VPOS="1264" HPOS="2259">
                     <String WC="1."
                             CONTENT="the"
                             HEIGHT="36"
                             WIDTH="62"
                             VPOS="1269"
                             HPOS="2259">the</String>
                     <SP WIDTH="17" VPOS="1279" HPOS="2322"> </SP>
                     <String WC="0.98833334445953369"
                             CONTENT="sphere"
                             HEIGHT="45"
                             WIDTH="128"
                             VPOS="1267"
                             HPOS="2340">sphere</String>
                     <SP WIDTH="15" VPOS="1278" HPOS="2469"> </SP>
                     <String WC="0.81999999284744263"
                             CONTENT="of"
                             HEIGHT="35"
                             WIDTH="37"
                             VPOS="1267"
                             HPOS="2485">of</String>
                     <SP WIDTH="23" VPOS="1267" HPOS="2523"> </SP>
                     <String WC="0.88285714387893677"
                             CONTENT="mor-tal"
                             HEIGHT="37"
                             WIDTH="145"
                             VPOS="1265"
                             HPOS="2547">mor-tal</String>
                  </TextLine>
               </TextBlock>
               <TextBlock ID="Page1_Block17"
                          HEIGHT="205"
                          WIDTH="724"
                          VPOS="1146"
                          HPOS="2717"
                          language="en-US">
                  <Shape>
                     <Polygon POINTS="3203,1152 3246,1152 3246,1153 3424,1153 3424,1154 3438,1154 3438,1155 3439,1155 3439,1236 3440,1236 3440,1251 3441,1251 3441,1343 3407,1343 3407,1344 3395,1344 3395,1345 2901,1345 2901,1346 2877,1346 2877,1345 2753,1345 2753,1344 2720,1344 2720,1256 2719,1256 2719,1243 2718,1243 2718,1155 2719,1155 2719,1154 3012,1154 3012,1153 3203,1153 3203,1152"/>
                  </Shape>
                  <TextLine HEIGHT="60" WIDTH="680" VPOS="1255" HPOS="2749">
                     <String WC="1."
                             CONTENT="joys,"
                             HEIGHT="45"
                             WIDTH="97"
                             VPOS="1264"
                             HPOS="2749">joys,</String>
                     <SP WIDTH="4" VPOS="1263" HPOS="2847"> </SP>
                     <String WC="1."
                             CONTENT="And"
                             HEIGHT="37"
                             WIDTH="82"
                             VPOS="1262"
                             HPOS="2852">And</String>
                     <SP WIDTH="15" VPOS="1263" HPOS="2935"> </SP>
                     <String WC="0.79000002145767212"
                             CONTENT="learn"
                             HEIGHT="36"
                             WIDTH="96"
                             VPOS="1262"
                             HPOS="2951">learn</String>
                     <SP WIDTH="16" VPOS="1265" HPOS="3048"> </SP>
                     <String WC="0.9649999737739563"
                             CONTENT="to"
                             HEIGHT="33"
                             WIDTH="37"
                             VPOS="1265"
                             HPOS="3065">to</String>
                     <SP WIDTH="11" VPOS="1261" HPOS="3103"> </SP>
                     <String WC="0.99250000715255737"
                             CONTENT="love"
                             HEIGHT="36"
                             WIDTH="82"
                             VPOS="1261"
                             HPOS="3115">love</String>
                     <SP WIDTH="10" VPOS="1260" HPOS="3198"> </SP>
                     <String WC="1."
                             CONTENT="Thee"
                             HEIGHT="38"
                             WIDTH="100"
                             VPOS="1259"
                             HPOS="3209">Thee</String>
                     <SP WIDTH="11" VPOS="1272" HPOS="3310"> </SP>
                     <String WC="0.92799997329711914"
                             CONTENT="more."
                             HEIGHT="28"
                             WIDTH="107"
                             VPOS="1270"
                             HPOS="3322">more.</String>
                  </TextLine>
               </TextBlock>
               <TextBlock ID="Page1_Block18"
                          HEIGHT="192"
                          WIDTH="136"
                          VPOS="1152"
                          HPOS="3438"
                          language="en-US">
                  <Shape>
                     <Polygon POINTS="3440,1154 3573,1154 3573,1250 3574,1250 3574,1343 3508,1343 3508,1344 3446,1344 3446,1343 3441,1343 3441,1251 3440,1251 3440,1243 3439,1243 3439,1155 3440,1155 3440,1154"/>
                  </Shape>
                  <TextLine HEIGHT="26" WIDTH="107" VPOS="1270" HPOS="3459">
                     <String WC="1."
                             CONTENT="more."
                             HEIGHT="26"
                             WIDTH="107"
                             VPOS="1270"
                             HPOS="3459">more.</String>
                  </TextLine>
                  <TextLine HEIGHT="32" WIDTH="22" VPOS="1304" HPOS="3496">
                     <String WC="1."
                             CONTENT="2"
                             HEIGHT="32"
                             WIDTH="22"
                             VPOS="1304"
                             HPOS="3496">2</String>
                  </TextLine>
               </TextBlock>
            </ComposedBlock>
            <TextBlock ID="Page1_Block19"
                       HEIGHT="507"
                       WIDTH="3398"
                       VPOS="1458"
                       HPOS="232"
                       language="en-US">
               <Shape>
                  <Polygon POINTS="3205,1470 3625,1470 3625,1471 3626,1471 3626,1553 3627,1553 3627,1654 3628,1654 3628,1755 3629,1755 3629,1856 3630,1856 3630,1928 3613,1928 3613,1929 3512,1929 3512,1930 3411,1930 3411,1931 3401,1931 3401,1932 3006,1932 3006,1933 2905,1933 2905,1934 2399,1934 2399,1935 2298,1935 2298,1936 1792,1936 1792,1937 1691,1937 1691,1938 1617,1938 1617,1939 1590,1939 1590,1940 1529,1940 1529,1941 1489,1941 1489,1942 1186,1942 1186,1943 1105,1943 1105,1944 1085,1944 1085,1945 1052,1945 1052,1946 984,1946 984,1947 983,1947 983,1948 882,1948 882,1949 829,1949 829,1950 781,1950 781,1951 775,1951 775,1952 680,1952 680,1953 595,1953 595,1954 579,1954 579,1955 478,1955 478,1956 377,1956 377,1957 321,1957 321,1958 276,1958 276,1959 237,1959 237,1878 236,1878 236,1777 235,1777 235,1676 234,1676 234,1575 233,1575 233,1502 272,1502 272,1501 325,1501 325,1500 373,1500 373,1499 474,1499 474,1498 583,1498 583,1497 676,1497 676,1496 761,1496 761,1495 778,1495 778,1494 825,1494 825,1493 879,1493 879,1492 980,1492 980,1491 1035,1491 1035,1490 1069,1490 1069,1489 1081,1489 1081,1488 1120,1488 1120,1487 1182,1487 1182,1486 1283,1486 1283,1485 1486,1485 1486,1484 1518,1484 1518,1483 1587,1483 1587,1482 1629,1482 1629,1481 1688,1481 1688,1480 1789,1480 1789,1479 1890,1479 1890,1478 1991,1478 1991,1477 2396,1477 2396,1476 2454,1476 2454,1475 2497,1475 2497,1474 2657,1474 2657,1473 2699,1473 2699,1472 3026,1472 3026,1471 3205,1471 3205,1470"/>
               </Shape>
               <TextLine HEIGHT="100" WIDTH="3286" VPOS="1478" HPOS="330">
                  <String WC="0.77499997615814209"
                          CONTENT="Philip"
                          HEIGHT="43"
                          WIDTH="115"
                          VPOS="1528"
                          HPOS="330">Philip</String>
                  <SP WIDTH="28" VPOS="1526" HPOS="445"> </SP>
                  <String WC="0.88700002431869507"
                          CONTENT="Doddridge,"
                          HEIGHT="48"
                          WIDTH="222"
                          VPOS="1521"
                          HPOS="473">Doddridge,</String>
                  <SP WIDTH="25" VPOS="1520" HPOS="696"> </SP>
                  <String WC="1."
                          CONTENT="D."
                          HEIGHT="35"
                          WIDTH="48"
                          VPOS="1520"
                          HPOS="722">D.</String>
                  <SP WIDTH="20" VPOS="1518" HPOS="771"> </SP>
                  <String WC="0.82999998331069946"
                          CONTENT="D.,"
                          HEIGHT="44"
                          WIDTH="63"
                          VPOS="1518"
                          HPOS="792">D.,</String>
                  <SP WIDTH="16" VPOS="1523" HPOS="856"> </SP>
                  <String WC="1."
                          CONTENT="the"
                          HEIGHT="36"
                          WIDTH="62"
                          VPOS="1519"
                          HPOS="873">the</String>
                  <SP WIDTH="23" VPOS="1529" HPOS="936"> </SP>
                  <String WC="0.88499999046325684"
                          CONTENT="author"
                          HEIGHT="40"
                          WIDTH="130"
                          VPOS="1514"
                          HPOS="960">author</String>
                  <SP WIDTH="16" VPOS="1525" HPOS="1091"> </SP>
                  <String WC="0.6600000262260437"
                          CONTENT="of"
                          HEIGHT="34"
                          WIDTH="38"
                          VPOS="1515"
                          HPOS="1108">of</String>
                  <SP WIDTH="21" VPOS="1514" HPOS="1147"> </SP>
                  <String WC="0.9375"
                          CONTENT="this"
                          HEIGHT="36"
                          WIDTH="75"
                          VPOS="1514"
                          HPOS="1169">this</String>
                  <SP WIDTH="23" VPOS="1513" HPOS="1245"> </SP>
                  <String WC="1."
                          CONTENT="hymn,"
                          HEIGHT="46"
                          WIDTH="129"
                          VPOS="1511"
                          HPOS="1269">hymn,</String>
                  <SP WIDTH="17" VPOS="1522" HPOS="1399"> </SP>
                  <String WC="0.66666668653488159"
                          CONTENT="was"
                          HEIGHT="27"
                          WIDTH="78"
                          VPOS="1519"
                          HPOS="1417">was</String>
                  <SP WIDTH="24" VPOS="1509" HPOS="1496"> </SP>
                  <String WC="0.98250001668930054"
                          CONTENT="born"
                          HEIGHT="37"
                          WIDTH="87"
                          VPOS="1507"
                          HPOS="1521">born</String>
                  <SP WIDTH="24" VPOS="1507" HPOS="1609"> </SP>
                  <String WC="0.94999998807907104"
                          CONTENT="in"
                          HEIGHT="34"
                          WIDTH="35"
                          VPOS="1507"
                          HPOS="1634">in</String>
                  <SP WIDTH="26" VPOS="1505" HPOS="1670"> </SP>
                  <String WC="0.99000000953674316"
                          CONTENT="London"
                          HEIGHT="36"
                          WIDTH="149"
                          VPOS="1504"
                          HPOS="1697">London</String>
                  <SP WIDTH="27" VPOS="1505" HPOS="1847"> </SP>
                  <String WC="0.72500002384185791"
                          CONTENT="in"
                          HEIGHT="34"
                          WIDTH="36"
                          VPOS="1504"
                          HPOS="1875">in</String>
                  <SP WIDTH="27" VPOS="1513" HPOS="1912"> </SP>
                  <String WC="0.62999999523162842"
                          CONTENT="1702,"
                          HEIGHT="33"
                          WIDTH="95"
                          VPOS="1512"
                          HPOS="1940">1702,</String>
                  <SP WIDTH="18" VPOS="1512" HPOS="2036"> </SP>
                  <String WC="0.93999999761581421"
                          CONTENT="over"
                          HEIGHT="27"
                          WIDTH="87"
                          VPOS="1510"
                          HPOS="2055">over</String>
                  <SP WIDTH="21" VPOS="1502" HPOS="2143"> </SP>
                  <String WC="1."
                          CONTENT="two"
                          HEIGHT="35"
                          WIDTH="73"
                          VPOS="1501"
                          HPOS="2165">two</String>
                  <SP WIDTH="16" VPOS="1499" HPOS="2239"> </SP>
                  <String WC="0.84285712242126465"
                          CONTENT="hundred"
                          HEIGHT="37"
                          WIDTH="164"
                          VPOS="1497"
                          HPOS="2256">hundred</String>
                  <SP WIDTH="22" VPOS="1497" HPOS="2421"> </SP>
                  <String WC="1."
                          CONTENT="years"
                          HEIGHT="36"
                          WIDTH="107"
                          VPOS="1505"
                          HPOS="2444">years</String>
                  <SP WIDTH="16" VPOS="1506" HPOS="2552"> </SP>
                  <String WC="0.64999997615814209"
                          CONTENT="ago."
                          HEIGHT="33"
                          WIDTH="81"
                          VPOS="1505"
                          HPOS="2569">ago.</String>
                  <SP WIDTH="50" VPOS="1493" HPOS="2651"> </SP>
                  <String WC="1."
                          CONTENT="He"
                          HEIGHT="36"
                          WIDTH="54"
                          VPOS="1493"
                          HPOS="2702">He</String>
                  <SP WIDTH="15" VPOS="1504" HPOS="2757"> </SP>
                  <String WC="0.87999999523162842"
                          CONTENT="was"
                          HEIGHT="28"
                          WIDTH="78"
                          VPOS="1502"
                          HPOS="2773">was</String>
                  <SP WIDTH="23" VPOS="1504" HPOS="2852"> </SP>
                  <String WC="1."
                          CONTENT="a"
                          HEIGHT="24"
                          WIDTH="22"
                          VPOS="1504"
                          HPOS="2876">a</String>
                  <SP WIDTH="15" VPOS="1502" HPOS="2899"> </SP>
                  <String WC="0.87000000476837158"
                          CONTENT="scholar"
                          HEIGHT="38"
                          WIDTH="141"
                          VPOS="1491"
                          HPOS="2915">scholar</String>
                  <SP WIDTH="14" VPOS="1502" HPOS="3057"> </SP>
                  <String WC="0.81499999761581421"
                          CONTENT="of"
                          HEIGHT="35"
                          WIDTH="37"
                          VPOS="1492"
                          HPOS="3072">of</String>
                  <SP WIDTH="22" VPOS="1491" HPOS="3110"> </SP>
                  <String WC="1."
                          CONTENT="high"
                          HEIGHT="43"
                          WIDTH="89"
                          VPOS="1491"
                          HPOS="3133">high</String>
                  <SP WIDTH="25" VPOS="1492" HPOS="3223"> </SP>
                  <String WC="0.9649999737739563"
                          CONTENT="attainments;"
                          HEIGHT="50"
                          WIDTH="261"
                          VPOS="1486"
                          HPOS="3249">attainments;</String>
                  <SP WIDTH="26" VPOS="1500" HPOS="3511"> </SP>
                  <String WC="0.9100000262260437"
                          CONTENT="was"
                          HEIGHT="27"
                          WIDTH="79"
                          VPOS="1498"
                          HPOS="3537">was</String>
               </TextLine>
               <TextLine HEIGHT="102" WIDTH="3379" VPOS="1521" HPOS="240">
                  <String WC="0.93500000238418579"
                          CONTENT="ordained"
                          HEIGHT="37"
                          WIDTH="167"
                          VPOS="1572"
                          HPOS="241">ordained</String>
                  <SP WIDTH="23" VPOS="1573" HPOS="409"> </SP>
                  <String WC="0.68999999761581421"
                          CONTENT="to"
                          HEIGHT="31"
                          WIDTH="36"
                          VPOS="1576"
                          HPOS="433">to</String>
                  <SP WIDTH="15" VPOS="1574" HPOS="470"> </SP>
                  <String WC="1."
                          CONTENT="the"
                          HEIGHT="35"
                          WIDTH="62"
                          VPOS="1571"
                          HPOS="486">the</String>
                  <SP WIDTH="28" VPOS="1568" HPOS="548"> </SP>
                  <String WC="0.89846152067184448"
                          CONTENT="Nonconformist"
                          HEIGHT="42"
                          WIDTH="295"
                          VPOS="1562"
                          HPOS="576">Nonconformist</String>
                  <SP WIDTH="17" VPOS="1565" HPOS="871"> </SP>
                  <String WC="1."
                          CONTENT="ministry;"
                          HEIGHT="45"
                          WIDTH="186"
                          VPOS="1560"
                          HPOS="888">ministry;</String>
                  <SP WIDTH="26" VPOS="1571" HPOS="1075"> </SP>
                  <String WC="0.86333334445953369"
                          CONTENT="was"
                          HEIGHT="26"
                          WIDTH="78"
                          VPOS="1569"
                          HPOS="1102">was</String>
                  <SP WIDTH="23" VPOS="1568" HPOS="1181"> </SP>
                  <String WC="0.73000001907348633"
                          CONTENT="an"
                          HEIGHT="24"
                          WIDTH="45"
                          VPOS="1569"
                          HPOS="1205">an</String>
                  <SP WIDTH="27" VPOS="1558" HPOS="1250"> </SP>
                  <String WC="0.93571430444717407"
                          CONTENT="English"
                          HEIGHT="48"
                          WIDTH="153"
                          VPOS="1554"
                          HPOS="1277">English</String>
                  <SP WIDTH="26" VPOS="1554" HPOS="1430"> </SP>
                  <String WC="0.91055554151535034"
                          CONTENT="Congregationalist,"
                          HEIGHT="50"
                          WIDTH="375"
                          VPOS="1548"
                          HPOS="1456">Congregationalist,</String>
                  <SP WIDTH="18" VPOS="1560" HPOS="1831"> </SP>
                  <String WC="0.93666666746139526"
                          CONTENT="and"
                          HEIGHT="36"
                          WIDTH="73"
                          VPOS="1548"
                          HPOS="1849">and</String>
                  <SP WIDTH="23" VPOS="1548" HPOS="1922"> </SP>
                  <String WC="0.89666664600372314"
                          CONTENT="for"
                          HEIGHT="34"
                          WIDTH="57"
                          VPOS="1547"
                          HPOS="1945">for</String>
                  <SP WIDTH="17" VPOS="1557" HPOS="2002"> </SP>
                  <String WC="0.76999998092651367"
                          CONTENT="many"
                          HEIGHT="34"
                          WIDTH="112"
                          VPOS="1555"
                          HPOS="2019">many</String>
                  <SP WIDTH="15" VPOS="1556" HPOS="2131"> </SP>
                  <String WC="0.89800000190734863"
                          CONTENT="years"
                          HEIGHT="35"
                          WIDTH="106"
                          VPOS="1553"
                          HPOS="2146">years</String>
                  <SP WIDTH="17" VPOS="1554" HPOS="2252"> </SP>
                  <String WC="0.87666666507720947"
                          CONTENT="was"
                          HEIGHT="26"
                          WIDTH="79"
                          VPOS="1553"
                          HPOS="2269">was</String>
                  <SP WIDTH="16" VPOS="1553" HPOS="2348"> </SP>
                  <String WC="0.92166668176651001"
                          CONTENT="pastor"
                          HEIGHT="42"
                          WIDTH="124"
                          VPOS="1543"
                          HPOS="2364">pastor</String>
                  <SP WIDTH="16" VPOS="1550" HPOS="2488"> </SP>
                  <String WC="0.73000001907348633"
                          CONTENT="of"
                          HEIGHT="34"
                          WIDTH="37"
                          VPOS="1540"
                          HPOS="2504">of</String>
                  <SP WIDTH="16" VPOS="1540" HPOS="2541"> </SP>
                  <String WC="1."
                          CONTENT="one"
                          HEIGHT="26"
                          WIDTH="68"
                          VPOS="1549"
                          HPOS="2557">one</String>
                  <SP WIDTH="17" VPOS="1549" HPOS="2625"> </SP>
                  <String WC="1."
                          CONTENT="of"
                          HEIGHT="34"
                          WIDTH="38"
                          VPOS="1540"
                          HPOS="2642">of</String>
                  <SP WIDTH="23" VPOS="1539" HPOS="2680"> </SP>
                  <String WC="0.82800000905990601"
                          CONTENT="these"
                          HEIGHT="37"
                          WIDTH="105"
                          VPOS="1538"
                          HPOS="2703">these</String>
                  <SP WIDTH="15" VPOS="1547" HPOS="2808"> </SP>
                  <String WC="0.95615386962890625"
                          CONTENT="churches—from"
                          HEIGHT="40"
                          WIDTH="315"
                          VPOS="1533"
                          HPOS="2823">churches—from</String>
                  <SP WIDTH="22" VPOS="1546" HPOS="3138"> </SP>
                  <String WC="0.69999998807907104"
                          CONTENT="1829"
                          HEIGHT="42"
                          WIDTH="84"
                          VPOS="1537"
                          HPOS="3160">1829</String>
                  <SP WIDTH="16" VPOS="1538" HPOS="3244"> </SP>
                  <String WC="1."
                          CONTENT="to"
                          HEIGHT="34"
                          WIDTH="38"
                          VPOS="1538"
                          HPOS="3260">to</String>
                  <SP WIDTH="16" VPOS="1538" HPOS="3298"> </SP>
                  <String WC="1."
                          CONTENT="the"
                          HEIGHT="36"
                          WIDTH="63"
                          VPOS="1535"
                          HPOS="3314">the</String>
                  <SP WIDTH="15" VPOS="1538" HPOS="3377"> </SP>
                  <String WC="0.92250001430511475"
                          CONTENT="time"
                          HEIGHT="38"
                          WIDTH="88"
                          VPOS="1534"
                          HPOS="3392">time</String>
                  <SP WIDTH="16" VPOS="1544" HPOS="3480"> </SP>
                  <String WC="1."
                          CONTENT="of"
                          HEIGHT="35"
                          WIDTH="38"
                          VPOS="1534"
                          HPOS="3496">of</String>
                  <SP WIDTH="24" VPOS="1533" HPOS="3534"> </SP>
                  <String WC="0.93333333730697632"
                          CONTENT="his"
                          HEIGHT="37"
                          WIDTH="61"
                          VPOS="1532"
                          HPOS="3558">his</String>
               </TextLine>
               <TextLine HEIGHT="85" WIDTH="2573" VPOS="1577" HPOS="241">
                  <String WC="0.96166664361953735"
                          CONTENT="death,"
                          HEIGHT="42"
                          WIDTH="121"
                          VPOS="1617"
                          HPOS="241">death,</String>
                  <SP WIDTH="21" VPOS="1628" HPOS="363"> </SP>
                  <String WC="0.83399999141693115"
                          CONTENT="1852."
                          HEIGHT="42"
                          WIDTH="93"
                          VPOS="1617"
                          HPOS="385">1852.</String>
                  <SP WIDTH="52" VPOS="1614" HPOS="479"> </SP>
                  <String WC="0.85000002384185791"
                          CONTENT="He"
                          HEIGHT="37"
                          WIDTH="53"
                          VPOS="1613"
                          HPOS="532">He</String>
                  <SP WIDTH="15" VPOS="1623" HPOS="586"> </SP>
                  <String WC="0.74000000953674316"
                          CONTENT="was"
                          HEIGHT="26"
                          WIDTH="79"
                          VPOS="1620"
                          HPOS="602">was</String>
                  <SP WIDTH="15" VPOS="1620" HPOS="682"> </SP>
                  <String WC="1."
                          CONTENT="a"
                          HEIGHT="23"
                          WIDTH="21"
                          VPOS="1621"
                          HPOS="698">a</String>
                  <SP WIDTH="14" VPOS="1620" HPOS="720"> </SP>
                  <String WC="0.87199997901916504"
                          CONTENT="great"
                          HEIGHT="41"
                          WIDTH="102"
                          VPOS="1611"
                          HPOS="735">great</String>
                  <SP WIDTH="14" VPOS="1610" HPOS="838"> </SP>
                  <String WC="0.88499999046325684"
                          CONTENT="pulpit"
                          HEIGHT="44"
                          WIDTH="114"
                          VPOS="1606"
                          HPOS="853">pulpit</String>
                  <SP WIDTH="15" VPOS="1607" HPOS="968"> </SP>
                  <String WC="0.84833335876464844"
                          CONTENT="orator"
                          HEIGHT="36"
                          WIDTH="117"
                          VPOS="1606"
                          HPOS="984">orator</String>
                  <SP WIDTH="15" VPOS="1614" HPOS="1102"> </SP>
                  <String WC="0.79000002145767212"
                          CONTENT="and"
                          HEIGHT="36"
                          WIDTH="71"
                          VPOS="1603"
                          HPOS="1118">and</String>
                  <SP WIDTH="14" VPOS="1603" HPOS="1190"> </SP>
                  <String WC="0.85818183422088623"
                          CONTENT="theologian."
                          HEIGHT="46"
                          WIDTH="219"
                          VPOS="1600"
                          HPOS="1205">theologian.</String>
                  <SP WIDTH="52" VPOS="1599" HPOS="1425"> </SP>
                  <String WC="0.73500001430511475"
                          CONTENT="He"
                          HEIGHT="38"
                          WIDTH="53"
                          VPOS="1596"
                          HPOS="1478">He</String>
                  <SP WIDTH="14" VPOS="1607" HPOS="1532"> </SP>
                  <String WC="0.94249999523162842"
                          CONTENT="composed"
                          HEIGHT="44"
                          WIDTH="192"
                          VPOS="1594"
                          HPOS="1547">composed</String>
                  <SP WIDTH="17" VPOS="1594" HPOS="1740"> </SP>
                  <String WC="1."
                          CONTENT="many"
                          HEIGHT="33"
                          WIDTH="111"
                          VPOS="1604"
                          HPOS="1758">many</String>
                  <SP WIDTH="14" VPOS="1603" HPOS="1870"> </SP>
                  <String WC="0.93250000476837158"
                          CONTENT="standard"
                          HEIGHT="37"
                          WIDTH="172"
                          VPOS="1591"
                          HPOS="1885">standard</String>
                  <SP WIDTH="16" VPOS="1591" HPOS="2058"> </SP>
                  <String WC="0.98799997568130493"
                          CONTENT="hymns"
                          HEIGHT="46"
                          WIDTH="136"
                          VPOS="1589"
                          HPOS="2075">hymns</String>
                  <SP WIDTH="20" VPOS="1598" HPOS="2212"> </SP>
                  <String WC="0.88999998569488525"
                          CONTENT="and"
                          HEIGHT="36"
                          WIDTH="70"
                          VPOS="1587"
                          HPOS="2233">and</String>
                  <SP WIDTH="16" VPOS="1587" HPOS="2304"> </SP>
                  <String WC="0.78100001811981201"
                          CONTENT="high-class"
                          HEIGHT="46"
                          WIDTH="205"
                          VPOS="1584"
                          HPOS="2321">high-class</String>
                  <SP WIDTH="16" VPOS="1594" HPOS="2527"> </SP>
                  <String WC="0.95999997854232788"
                          CONTENT="sacred"
                          HEIGHT="37"
                          WIDTH="124"
                          VPOS="1583"
                          HPOS="2544">sacred</String>
                  <SP WIDTH="20" VPOS="1583" HPOS="2669"> </SP>
                  <String WC="0.79000002145767212"
                          CONTENT="music."
                          HEIGHT="39"
                          WIDTH="124"
                          VPOS="1581"
                          HPOS="2690">music.</String>
               </TextLine>
               <TextLine HEIGHT="100" WIDTH="3289" VPOS="1609" HPOS="330">
                  <String WC="0.93500000238418579"
                          CONTENT="This"
                          HEIGHT="36"
                          WIDTH="93"
                          VPOS="1660"
                          HPOS="330">This</String>
                  <SP WIDTH="15" VPOS="1667" HPOS="423"> </SP>
                  <String WC="0.68999999761581421"
                          CONTENT="tune"
                          HEIGHT="30"
                          WIDTH="89"
                          VPOS="1666"
                          HPOS="438">tune</String>
                  <SP WIDTH="17" VPOS="1659" HPOS="527"> </SP>
                  <String WC="0.7850000262260437"
                          CONTENT="is"
                          HEIGHT="34"
                          WIDTH="31"
                          VPOS="1659"
                          HPOS="544">is</String>
                  <SP WIDTH="16" VPOS="1667" HPOS="575"> </SP>
                  <String WC="1."
                          CONTENT="credited"
                          HEIGHT="37"
                          WIDTH="155"
                          VPOS="1654"
                          HPOS="591">credited</String>
                  <SP WIDTH="16" VPOS="1655" HPOS="746"> </SP>
                  <String WC="0.90499997138977051"
                          CONTENT="to"
                          HEIGHT="34"
                          WIDTH="38"
                          VPOS="1655"
                          HPOS="762">to</String>
                  <SP WIDTH="19" VPOS="1653" HPOS="800"> </SP>
                  <String WC="0.95499998331069946"
                          CONTENT="Bradshaw"
                          HEIGHT="38"
                          WIDTH="202"
                          VPOS="1650"
                          HPOS="819">Bradshaw</String>
                  <SP WIDTH="16" VPOS="1649" HPOS="1021"> </SP>
                  <String WC="0.7850000262260437"
                          CONTENT="in"
                          HEIGHT="36"
                          WIDTH="35"
                          VPOS="1648"
                          HPOS="1037">in</String>
                  <SP WIDTH="17" VPOS="1651" HPOS="1072"> </SP>
                  <String WC="1."
                          CONTENT="the"
                          HEIGHT="37"
                          WIDTH="63"
                          VPOS="1647"
                          HPOS="1089">the</String>
                  <SP WIDTH="18" VPOS="1646" HPOS="1152"> </SP>
                  <String WC="0.81999999284744263"
                          CONTENT="“"
                          HEIGHT="18"
                          WIDTH="23"
                          VPOS="1645"
                          HPOS="1170">“</String>
                  <SP WIDTH="14" VPOS="1645" HPOS="1194"> </SP>
                  <String WC="0.8125"
                          CONTENT="Southern"
                          HEIGHT="39"
                          WIDTH="182"
                          VPOS="1644"
                          HPOS="1208">Southern</String>
                  <SP WIDTH="19" VPOS="1642" HPOS="1390"> </SP>
                  <String WC="0.93666666746139526"
                          CONTENT="Harmony,”"
                          HEIGHT="48"
                          WIDTH="231"
                          VPOS="1639"
                          HPOS="1409">Harmony,”</String>
                  <SP WIDTH="19" VPOS="1640" HPOS="1640"> </SP>
                  <String WC="0.85750001668930054"
                          CONTENT="page"
                          HEIGHT="33"
                          WIDTH="92"
                          VPOS="1649"
                          HPOS="1659">page</String>
                  <SP WIDTH="15" VPOS="1649" HPOS="1751"> </SP>
                  <String WC="0.67000001668930054"
                          CONTENT="40,"
                          HEIGHT="33"
                          WIDTH="58"
                          VPOS="1648"
                          HPOS="1766">40,</String>
                  <SP WIDTH="18" VPOS="1649" HPOS="1824"> </SP>
                  <String WC="0.75666666030883789"
                          CONTENT="and"
                          HEIGHT="36"
                          WIDTH="72"
                          VPOS="1636"
                          HPOS="1842">and</String>
                  <SP WIDTH="25" VPOS="1636" HPOS="1914"> </SP>
                  <String WC="0.97000002861022949"
                          CONTENT="published"
                          HEIGHT="45"
                          WIDTH="191"
                          VPOS="1634"
                          HPOS="1939">published</String>
                  <SP WIDTH="18" VPOS="1634" HPOS="2130"> </SP>
                  <String WC="0.80500000715255737"
                          CONTENT="in"
                          HEIGHT="35"
                          WIDTH="35"
                          VPOS="1634"
                          HPOS="2148">in</String>
                  <SP WIDTH="22" VPOS="1643" HPOS="2183"> </SP>
                  <String WC="0.45399999618530273"
                          CONTENT="1835,"
                          HEIGHT="46"
                          WIDTH="97"
                          VPOS="1630"
                          HPOS="2205">1835,</String>
                  <SP WIDTH="18" VPOS="1643" HPOS="2302"> </SP>
                  <String WC="0.86333334445953369"
                          CONTENT="and"
                          HEIGHT="35"
                          WIDTH="72"
                          VPOS="1632"
                          HPOS="2320">and</String>
                  <SP WIDTH="17" VPOS="1631" HPOS="2392"> </SP>
                  <String WC="0.97833335399627686"
                          CONTENT="refers"
                          HEIGHT="36"
                          WIDTH="111"
                          VPOS="1629"
                          HPOS="2409">refers</String>
                  <SP WIDTH="16" VPOS="1631" HPOS="2520"> </SP>
                  <String WC="0.84500002861022949"
                          CONTENT="to"
                          HEIGHT="34"
                          WIDTH="37"
                          VPOS="1631"
                          HPOS="2536">to</String>
                  <SP WIDTH="20" VPOS="1626" HPOS="2573"> </SP>
                  <String WC="1."
                          CONTENT="“"
                          HEIGHT="17"
                          WIDTH="22"
                          VPOS="1626"
                          HPOS="2593">“</String>
                  <SP WIDTH="16" VPOS="1626" HPOS="2616"> </SP>
                  <String WC="0.84857141971588135"
                          CONTENT="Baptist"
                          HEIGHT="44"
                          WIDTH="144"
                          VPOS="1626"
                          HPOS="2632">Baptist</String>
                  <SP WIDTH="21" VPOS="1626" HPOS="2776"> </SP>
                  <String WC="0.92000001668930054"
                          CONTENT="Harmony,”"
                          HEIGHT="47"
                          WIDTH="232"
                          VPOS="1623"
                          HPOS="2797">Harmony,”</String>
                  <SP WIDTH="18" VPOS="1626" HPOS="3029"> </SP>
                  <String WC="1."
                          CONTENT="page"
                          HEIGHT="34"
                          WIDTH="93"
                          VPOS="1635"
                          HPOS="3047">page</String>
                  <SP WIDTH="20" VPOS="1635" HPOS="3140"> </SP>
                  <String WC="0.49000000953674316"
                          CONTENT="139."
                          HEIGHT="34"
                          WIDTH="73"
                          VPOS="1635"
                          HPOS="3161">139.</String>
                  <SP WIDTH="51" VPOS="1623" HPOS="3234"> </SP>
                  <String WC="0.81999999284744263"
                          CONTENT="No"
                          HEIGHT="39"
                          WIDTH="56"
                          VPOS="1623"
                          HPOS="3285">No</String>
                  <SP WIDTH="17" VPOS="1624" HPOS="3341"> </SP>
                  <String WC="0.97600001096725464"
                          CONTENT="doubt"
                          HEIGHT="39"
                          WIDTH="113"
                          VPOS="1621"
                          HPOS="3359">doubt</String>
                  <SP WIDTH="23" VPOS="1623" HPOS="3473"> </SP>
                  <String WC="0.75999999046325684"
                          CONTENT="it"
                          HEIGHT="38"
                          WIDTH="27"
                          VPOS="1622"
                          HPOS="3497">it</String>
                  <SP WIDTH="14" VPOS="1625" HPOS="3524"> </SP>
                  <String WC="0.95666664838790894"
                          CONTENT="was"
                          HEIGHT="26"
                          WIDTH="80"
                          VPOS="1632"
                          HPOS="3538">was</String>
               </TextLine>
               <TextLine HEIGHT="91" WIDTH="2828" VPOS="1662" HPOS="242">
                  <String WC="0.98624998331069946"
                          CONTENT="composed"
                          HEIGHT="45"
                          WIDTH="191"
                          VPOS="1705"
                          HPOS="242">composed</String>
                  <SP WIDTH="16" VPOS="1705" HPOS="434"> </SP>
                  <String WC="1."
                          CONTENT="at"
                          HEIGHT="35"
                          WIDTH="37"
                          VPOS="1706"
                          HPOS="451">at</String>
                  <SP WIDTH="14" VPOS="1706" HPOS="489"> </SP>
                  <String WC="0.99500000476837158"
                          CONTENT="an"
                          HEIGHT="25"
                          WIDTH="46"
                          VPOS="1714"
                          HPOS="504">an</String>
                  <SP WIDTH="17" VPOS="1713" HPOS="551"> </SP>
                  <String WC="0.82428568601608276"
                          CONTENT="earlier"
                          HEIGHT="39"
                          WIDTH="122"
                          VPOS="1699"
                          HPOS="569">earlier</String>
                  <SP WIDTH="15" VPOS="1699" HPOS="692"> </SP>
                  <String WC="0.93250000476837158"
                          CONTENT="date"
                          HEIGHT="38"
                          WIDTH="81"
                          VPOS="1697"
                          HPOS="708">date</String>
                  <SP WIDTH="15" VPOS="1700" HPOS="790"> </SP>
                  <String WC="0.95749998092651367"
                          CONTENT="than"
                          HEIGHT="37"
                          WIDTH="89"
                          VPOS="1696"
                          HPOS="806">than</String>
                  <SP WIDTH="16" VPOS="1698" HPOS="896"> </SP>
                  <String WC="0.71200001239776611"
                          CONTENT="this."
                          HEIGHT="36"
                          WIDTH="85"
                          VPOS="1695"
                          HPOS="913">this.</String>
                  <SP WIDTH="52" VPOS="1694" HPOS="999"> </SP>
                  <String WC="0.66500002145767212"
                          CONTENT="It"
                          HEIGHT="37"
                          WIDTH="28"
                          VPOS="1693"
                          HPOS="1052">It</String>
                  <SP WIDTH="14" VPOS="1695" HPOS="1081"> </SP>
                  <String WC="0.72333335876464844"
                          CONTENT="was"
                          HEIGHT="26"
                          WIDTH="78"
                          VPOS="1703"
                          HPOS="1096">was</String>
                  <SP WIDTH="15" VPOS="1702" HPOS="1175"> </SP>
                  <String WC="0.904285728931427"
                          CONTENT="printed"
                          HEIGHT="44"
                          WIDTH="140"
                          VPOS="1690"
                          HPOS="1191">printed</String>
                  <SP WIDTH="16" VPOS="1690" HPOS="1332"> </SP>
                  <String WC="0.52499997615814209"
                          CONTENT="in"
                          HEIGHT="35"
                          WIDTH="35"
                          VPOS="1690"
                          HPOS="1349">in</String>
                  <SP WIDTH="15" VPOS="1691" HPOS="1385"> </SP>
                  <String WC="1."
                          CONTENT="the"
                          HEIGHT="36"
                          WIDTH="62"
                          VPOS="1688"
                          HPOS="1401">the</String>
                  <SP WIDTH="17" VPOS="1687" HPOS="1464"> </SP>
                  <String WC="1."
                          CONTENT="“"
                          HEIGHT="18"
                          WIDTH="23"
                          VPOS="1685"
                          HPOS="1482">“</String>
                  <SP WIDTH="13" VPOS="1685" HPOS="1506"> </SP>
                  <String WC="0.95333331823348999"
                          CONTENT="Sacred"
                          HEIGHT="38"
                          WIDTH="131"
                          VPOS="1684"
                          HPOS="1520">Sacred</String>
                  <SP WIDTH="17" VPOS="1684" HPOS="1652"> </SP>
                  <String WC="0.95333331823348999"
                          CONTENT="Harp,”"
                          HEIGHT="45"
                          WIDTH="141"
                          VPOS="1682"
                          HPOS="1670">Harp,”</String>
                  <SP WIDTH="17" VPOS="1682" HPOS="1812"> </SP>
                  <String WC="1."
                          CONTENT="by"
                          HEIGHT="42"
                          WIDTH="50"
                          VPOS="1682"
                          HPOS="1830">by</String>
                  <SP WIDTH="16" VPOS="1680" HPOS="1881"> </SP>
                  <String WC="0.92599999904632568"
                          CONTENT="White"
                          HEIGHT="39"
                          WIDTH="127"
                          VPOS="1679"
                          HPOS="1898">White</String>
                  <SP WIDTH="15" VPOS="1690" HPOS="2026"> </SP>
                  <String WC="0.88666665554046631"
                          CONTENT="and"
                          HEIGHT="37"
                          WIDTH="71"
                          VPOS="1678"
                          HPOS="2042">and</String>
                  <SP WIDTH="19" VPOS="1676" HPOS="2114"> </SP>
                  <String WC="0.74599999189376831"
                          CONTENT="King,"
                          HEIGHT="45"
                          WIDTH="108"
                          VPOS="1676"
                          HPOS="2134">King,</String>
                  <SP WIDTH="18" VPOS="1679" HPOS="2243"> </SP>
                  <String WC="0.69499999284744263"
                          CONTENT="in"
                          HEIGHT="32"
                          WIDTH="34"
                          VPOS="1679"
                          HPOS="2262">in</String>
                  <SP WIDTH="21" VPOS="1687" HPOS="2297"> </SP>
                  <String WC="0.85000002384185791"
                          CONTENT="1844,"
                          HEIGHT="41"
                          WIDTH="96"
                          VPOS="1677"
                          HPOS="2319">1844,</String>
                  <SP WIDTH="17" VPOS="1686" HPOS="2416"> </SP>
                  <String WC="0.96666663885116577"
                          CONTENT="and"
                          HEIGHT="36"
                          WIDTH="69"
                          VPOS="1674"
                          HPOS="2434">and</String>
                  <SP WIDTH="14" VPOS="1673" HPOS="2504"> </SP>
                  <String WC="0.74500000476837158"
                          CONTENT="in"
                          HEIGHT="35"
                          WIDTH="35"
                          VPOS="1673"
                          HPOS="2519">in</String>
                  <SP WIDTH="17" VPOS="1683" HPOS="2555"> </SP>
                  <String WC="0.79250001907348633"
                          CONTENT="each"
                          HEIGHT="36"
                          WIDTH="87"
                          VPOS="1672"
                          HPOS="2573">each</String>
                  <SP WIDTH="17" VPOS="1672" HPOS="2661"> </SP>
                  <String WC="0.93624997138977051"
                          CONTENT="revision"
                          HEIGHT="41"
                          WIDTH="157"
                          VPOS="1669"
                          HPOS="2679">revision</String>
                  <SP WIDTH="17" VPOS="1682" HPOS="2837"> </SP>
                  <String WC="1."
                          CONTENT="up"
                          HEIGHT="31"
                          WIDTH="47"
                          VPOS="1681"
                          HPOS="2855">up</String>
                  <SP WIDTH="14" VPOS="1673" HPOS="2903"> </SP>
                  <String WC="0.70499998331069946"
                          CONTENT="to"
                          HEIGHT="33"
                          WIDTH="37"
                          VPOS="1673"
                          HPOS="2918">to</String>
                  <SP WIDTH="20" VPOS="1680" HPOS="2956"> </SP>
                  <String WC="0.77600002288818359"
                          CONTENT="1869."
                          HEIGHT="45"
                          WIDTH="93"
                          VPOS="1669"
                          HPOS="2977">1869.</String>
               </TextLine>
               <TextLine HEIGHT="62" WIDTH="711" VPOS="1741" HPOS="1581">
                  <String WC="0.46444445848464966"
                          CONTENT="WATCHMAN."
                          HEIGHT="55"
                          WIDTH="457"
                          VPOS="1745"
                          HPOS="1581">WATCHMAN.</String>
                  <SP WIDTH="71" VPOS="1744" HPOS="2038"> </SP>
                  <String WC="1."
                          CONTENT="S."
                          HEIGHT="50"
                          WIDTH="61"
                          VPOS="1744"
                          HPOS="2109">S.</String>
                  <SP WIDTH="41" VPOS="1743" HPOS="2170"> </SP>
                  <String WC="0.50999999046325684"
                          CONTENT="M."
                          HEIGHT="49"
                          WIDTH="81"
                          VPOS="1743"
                          HPOS="2211">M.</String>
               </TextLine>
               <TextLine HEIGHT="89" WIDTH="2936" VPOS="1788" HPOS="473">
                  <String WC="1."
                          CONTENT="“"
                          HEIGHT="13"
                          WIDTH="18"
                          VPOS="1837"
                          HPOS="473">“</String>
                  <SP WIDTH="9" VPOS="1835" HPOS="492"> </SP>
                  <String WC="0.77444446086883545"
                          CONTENT="Therefore"
                          HEIGHT="31"
                          WIDTH="177"
                          VPOS="1831"
                          HPOS="502">Therefore</String>
                  <SP WIDTH="9" VPOS="1839" HPOS="680"> </SP>
                  <String WC="0.79400002956390381"
                          CONTENT="shall"
                          HEIGHT="27"
                          WIDTH="86"
                          VPOS="1831"
                          HPOS="690">shall</String>
                  <SP WIDTH="10" VPOS="1830" HPOS="777"> </SP>
                  <String WC="1."
                          CONTENT="ye"
                          HEIGHT="27"
                          WIDTH="41"
                          VPOS="1837"
                          HPOS="788">ye</String>
                  <SP WIDTH="10" VPOS="1837" HPOS="830"> </SP>
                  <String WC="0.81000000238418579"
                          CONTENT="abide"
                          HEIGHT="27"
                          WIDTH="95"
                          VPOS="1828"
                          HPOS="841">abide</String>
                  <SP WIDTH="9" VPOS="1836" HPOS="937"> </SP>
                  <String WC="0.75"
                          CONTENT="at"
                          HEIGHT="24"
                          WIDTH="34"
                          VPOS="1829"
                          HPOS="947">at</String>
                  <SP WIDTH="11" VPOS="1828" HPOS="982"> </SP>
                  <String WC="0.68333333730697632"
                          CONTENT="the"
                          HEIGHT="27"
                          WIDTH="57"
                          VPOS="1826"
                          HPOS="994">the</String>
                  <SP WIDTH="9" VPOS="1826" HPOS="1052"> </SP>
                  <String WC="0.84500002861022949"
                          CONTENT="door"
                          HEIGHT="28"
                          WIDTH="80"
                          VPOS="1824"
                          HPOS="1062">door</String>
                  <SP WIDTH="8" VPOS="1832" HPOS="1143"> </SP>
                  <String WC="0.90499997138977051"
                          CONTENT="of"
                          HEIGHT="30"
                          WIDTH="36"
                          VPOS="1822"
                          HPOS="1152">of</String>
                  <SP WIDTH="9" VPOS="1822" HPOS="1189"> </SP>
                  <String WC="0.76666665077209473"
                          CONTENT="the"
                          HEIGHT="26"
                          WIDTH="56"
                          VPOS="1824"
                          HPOS="1199">the</String>
                  <SP WIDTH="7" VPOS="1825" HPOS="1256"> </SP>
                  <String WC="0.63999998569488525"
                          CONTENT="tabernacle"
                          HEIGHT="33"
                          WIDTH="187"
                          VPOS="1819"
                          HPOS="1264">tabernacle</String>
                  <SP WIDTH="9" VPOS="1828" HPOS="1452"> </SP>
                  <String WC="0.81499999761581421"
                          CONTENT="of"
                          HEIGHT="30"
                          WIDTH="35"
                          VPOS="1817"
                          HPOS="1462">of</String>
                  <SP WIDTH="10" VPOS="1817" HPOS="1498"> </SP>
                  <String WC="0.66666668653488159"
                          CONTENT="the"
                          HEIGHT="27"
                          WIDTH="56"
                          VPOS="1818"
                          HPOS="1509">the</String>
                  <SP WIDTH="10" VPOS="1825" HPOS="1566"> </SP>
                  <String WC="0.70833331346511841"
                          CONTENT="congregation"
                          HEIGHT="37"
                          WIDTH="231"
                          VPOS="1814"
                          HPOS="1577">congregation</String>
                  <SP WIDTH="11" VPOS="1814" HPOS="1809"> </SP>
                  <String WC="0.92666667699813843"
                          CONTENT="day"
                          HEIGHT="33"
                          WIDTH="63"
                          VPOS="1814"
                          HPOS="1821">day</String>
                  <SP WIDTH="10" VPOS="1820" HPOS="1885"> </SP>
                  <String WC="0.77999997138977051"
                          CONTENT="and"
                          HEIGHT="26"
                          WIDTH="65"
                          VPOS="1812"
                          HPOS="1896">and</String>
                  <SP WIDTH="10" VPOS="1812" HPOS="1962"> </SP>
                  <String WC="0.52999997138977051"
                          CONTENT="night"
                          HEIGHT="34"
                          WIDTH="95"
                          VPOS="1811"
                          HPOS="1973">night</String>
                  <SP WIDTH="10" VPOS="1813" HPOS="2069"> </SP>
                  <String WC="0.78200000524520874"
                          CONTENT="seven"
                          HEIGHT="24"
                          WIDTH="98"
                          VPOS="1815"
                          HPOS="2080">seven</String>
                  <SP WIDTH="9" VPOS="1809" HPOS="2179"> </SP>
                  <String WC="0.99800002574920654"
                          CONTENT="days,"
                          HEIGHT="35"
                          WIDTH="89"
                          VPOS="1808"
                          HPOS="2189">days,</String>
                  <SP WIDTH="12" VPOS="1816" HPOS="2279"> </SP>
                  <String WC="0.55000001192092896"
                          CONTENT="and"
                          HEIGHT="28"
                          WIDTH="66"
                          VPOS="1807"
                          HPOS="2292">and</String>
                  <SP WIDTH="9" VPOS="1807" HPOS="2359"> </SP>
                  <String WC="0.75749999284744263"
                          CONTENT="keep"
                          HEIGHT="34"
                          WIDTH="86"
                          VPOS="1807"
                          HPOS="2369">keep</String>
                  <SP WIDTH="9" VPOS="1807" HPOS="2456"> </SP>
                  <String WC="0.74000000953674316"
                          CONTENT="the"
                          HEIGHT="28"
                          WIDTH="57"
                          VPOS="1805"
                          HPOS="2466">the</String>
                  <SP WIDTH="10" VPOS="1813" HPOS="2524"> </SP>
                  <String WC="0.82833331823348999"
                          CONTENT="charge"
                          HEIGHT="34"
                          WIDTH="119"
                          VPOS="1804"
                          HPOS="2535">charge</String>
                  <SP WIDTH="10" VPOS="1812" HPOS="2655"> </SP>
                  <String WC="1."
                          CONTENT="of"
                          HEIGHT="27"
                          WIDTH="35"
                          VPOS="1803"
                          HPOS="2666">of</String>
                  <SP WIDTH="9" VPOS="1802" HPOS="2702"> </SP>
                  <String WC="0.77666664123535156"
                          CONTENT="the"
                          HEIGHT="26"
                          WIDTH="57"
                          VPOS="1804"
                          HPOS="2712">the</String>
                  <SP WIDTH="11" VPOS="1806" HPOS="2770"> </SP>
                  <String WC="0.57599997520446777"
                          CONTENT="Lord,"
                          HEIGHT="35"
                          WIDTH="92"
                          VPOS="1801"
                          HPOS="2782">Lord,</String>
                  <SP WIDTH="13" VPOS="1805" HPOS="2875"> </SP>
                  <String WC="0.56999999284744263"
                          CONTENT="that"
                          HEIGHT="28"
                          WIDTH="72"
                          VPOS="1802"
                          HPOS="2889">that</String>
                  <SP WIDTH="10" VPOS="1805" HPOS="2962"> </SP>
                  <String WC="1."
                          CONTENT="ye"
                          HEIGHT="27"
                          WIDTH="40"
                          VPOS="1809"
                          HPOS="2973">ye</String>
                  <SP WIDTH="10" VPOS="1801" HPOS="3014"> </SP>
                  <String WC="0.77333331108093262"
                          CONTENT="die"
                          HEIGHT="27"
                          WIDTH="53"
                          VPOS="1801"
                          HPOS="3025">die</String>
                  <SP WIDTH="10" VPOS="1810" HPOS="3079"> </SP>
                  <String WC="0.82700002193450928"
                          CONTENT="not.”—L®v."
                          HEIGHT="34"
                          WIDTH="211"
                          VPOS="1802"
                          HPOS="3090">not.”—L®v.</String>
                  <SP WIDTH="11" VPOS="1801" HPOS="3302"> </SP>
                  <String WC="0.60000002384185791"
                          CONTENT="8"
                          HEIGHT="25"
                          WIDTH="17"
                          VPOS="1802"
                          HPOS="3314">8</String>
                  <SP WIDTH="10" VPOS="1802" HPOS="3332"> </SP>
                  <String WC="1."
                          CONTENT=":"
                          HEIGHT="19"
                          WIDTH="7"
                          VPOS="1809"
                          HPOS="3343">:</String>
                  <SP WIDTH="15" VPOS="1802" HPOS="3351"> </SP>
                  <String WC="0.91666668653488159"
                          CONTENT="35."
                          HEIGHT="28"
                          WIDTH="42"
                          VPOS="1801"
                          HPOS="3367">35.</String>
               </TextLine>
               <TextLine HEIGHT="103" WIDTH="3201" VPOS="1833" HPOS="331">
                  <String WC="0.66285711526870728"
                          CONTENT="Charles"
                          HEIGHT="39"
                          WIDTH="195"
                          VPOS="1881"
                          HPOS="332">Charles</String>
                  <SP WIDTH="22" VPOS="1882" HPOS="528"> </SP>
                  <String WC="0.8928571343421936"
                          CONTENT="Wesley,"
                          HEIGHT="41"
                          WIDTH="189"
                          VPOS="1880"
                          HPOS="551">Wesley,</String>
                  <SP WIDTH="27" VPOS="1878" HPOS="741"> </SP>
                  <String WC="0.79400002956390381"
                          CONTENT="1762."
                          HEIGHT="36"
                          WIDTH="96"
                          VPOS="1875"
                          HPOS="769">1762.</String>
                  <SP WIDTH="49" VPOS="1875" HPOS="866"> </SP>
                  <String WC="0.67333334684371948"
                          CONTENT="Key"
                          HEIGHT="42"
                          WIDTH="81"
                          VPOS="1874"
                          HPOS="916">Key</String>
                  <SP WIDTH="20" VPOS="1882" HPOS="998"> </SP>
                  <String WC="1."
                          CONTENT="of"
                          HEIGHT="34"
                          WIDTH="40"
                          VPOS="1871"
                          HPOS="1019">of</String>
                  <SP WIDTH="23" VPOS="1871" HPOS="1060"> </SP>
                  <String WC="0.51666665077209473"
                          CONTENT="Ej2"
                          HEIGHT="50"
                          WIDTH="57"
                          VPOS="1861"
                          HPOS="1083">Ej2</String>
                  <SP WIDTH="21" VPOS="1873" HPOS="1141"> </SP>
                  <String WC="0.78666669130325317"
                          CONTENT="Major."
                          HEIGHT="47"
                          WIDTH="139"
                          VPOS="1867"
                          HPOS="1162">Major.</String>
                  <SP WIDTH="2076" VPOS="1836" HPOS="1301"> </SP>
                  <String WC="0.76666665077209473"
                          CONTENT="Leach."
                          HEIGHT="37"
                          WIDTH="155"
                          VPOS="1846"
                          HPOS="3377">Leach.</String>
               </TextLine>
            </TextBlock>
            <ComposedBlock ID="Page1_Block20"
                           HEIGHT="576"
                           WIDTH="3089"
                           VPOS="2043"
                           HPOS="508"
                           TYPE="table">
               <TextBlock ID="Page1_Block21"
                          HEIGHT="152"
                          WIDTH="555"
                          VPOS="2073"
                          HPOS="509"
                          language="en-US">
                  <Shape>
                     <Polygon POINTS="1030,2074 1063,2074 1063,2175 1064,2175 1064,2214 1056,2214 1056,2215 985,2215 985,2216 979,2216 979,2217 884,2217 884,2218 860,2218 860,2219 804,2219 804,2220 783,2220 783,2221 740,2221 740,2222 682,2222 682,2223 597,2223 597,2224 581,2224 581,2225 512,2225 512,2203 511,2203 511,2180 510,2180 510,2084 579,2084 579,2083 589,2083 589,2082 680,2082 680,2081 759,2081 759,2080 781,2080 781,2079 816,2079 816,2078 882,2078 882,2077 894,2077 894,2076 983,2076 983,2075 1030,2075 1030,2074"/>
                  </Shape>
                  <TextLine HEIGHT="54" WIDTH="475" VPOS="2100" HPOS="520">
                     <String WC="0.77499997615814209"
                             CONTENT="1."
                             HEIGHT="26"
                             WIDTH="29"
                             VPOS="2117"
                             HPOS="520">1.</String>
                     <SP WIDTH="28" VPOS="2109" HPOS="550"> </SP>
                     <String WC="1."
                             CONTENT="A"
                             HEIGHT="37"
                             WIDTH="30"
                             VPOS="2107"
                             HPOS="579">A</String>
                     <SP WIDTH="15" VPOS="2108" HPOS="610"> </SP>
                     <String WC="0.93666666746139526"
                             CONTENT="charge"
                             HEIGHT="45"
                             WIDTH="131"
                             VPOS="2106"
                             HPOS="626">charge</String>
                     <SP WIDTH="14" VPOS="2109" HPOS="758"> </SP>
                     <String WC="0.85000002384185791"
                             CONTENT="to"
                             HEIGHT="35"
                             WIDTH="37"
                             VPOS="2107"
                             HPOS="773">to</String>
                     <SP WIDTH="16" VPOS="2105" HPOS="811"> </SP>
                     <String WC="1."
                             CONTENT="keep"
                             HEIGHT="45"
                             WIDTH="91"
                             VPOS="2103"
                             HPOS="828">keep</String>
                     <SP WIDTH="62" VPOS="2101" HPOS="920"> </SP>
                     <String WC="0.70999997854232788"
                             CONTENT="I"
                             HEIGHT="36"
                             WIDTH="12"
                             VPOS="2100"
                             HPOS="983">I</String>
                  </TextLine>
               </TextBlock>
               <TextBlock ID="Page1_Block22"
                          HEIGHT="149"
                          WIDTH="419"
                          VPOS="2067"
                          HPOS="1061"
                          language="en-US">
                  <Shape>
                     <Polygon POINTS="1287,2069 1397,2069 1397,2070 1427,2070 1427,2071 1477,2071 1477,2072 1478,2072 1478,2173 1479,2173 1479,2184 1480,2184 1480,2211 1479,2211 1479,2212 1130,2212 1130,2213 1086,2213 1086,2214 1065,2214 1065,2193 1064,2193 1064,2176 1063,2176 1063,2075 1062,2075 1062,2074 1082,2074 1082,2073 1085,2073 1085,2072 1159,2072 1159,2071 1186,2071 1186,2070 1287,2070 1287,2069"/>
                  </Shape>
                  <TextLine HEIGHT="52" WIDTH="347" VPOS="2094" HPOS="1078">
                     <String WC="0.82800000905990601"
                             CONTENT="have,"
                             HEIGHT="46"
                             WIDTH="109"
                             VPOS="2099"
                             HPOS="1078">have,</String>
                     <SP WIDTH="19" VPOS="2098" HPOS="1188"> </SP>
                     <String WC="1."
                             CONTENT="A"
                             HEIGHT="35"
                             WIDTH="30"
                             VPOS="2098"
                             HPOS="1208">A</String>
                     <SP WIDTH="17" VPOS="2096" HPOS="1239"> </SP>
                     <String WC="1."
                             CONTENT="God"
                             HEIGHT="38"
                             WIDTH="85"
                             VPOS="2095"
                             HPOS="1257">God</String>
                     <SP WIDTH="43" VPOS="2096" HPOS="1343"> </SP>
                     <String WC="1."
                             CONTENT="to"
                             HEIGHT="35"
                             WIDTH="38"
                             VPOS="2098"
                             HPOS="1387">to</String>
                  </TextLine>
               </TextBlock>
               <TextBlock ID="Page1_Block23"
                          HEIGHT="149"
                          WIDTH="559"
                          VPOS="2063"
                          HPOS="1477"
                          language="en-US">
                  <Shape>
                     <Polygon POINTS="1894,2064 2033,2064 2033,2068 2034,2068 2034,2169 2035,2169 2035,2178 2036,2178 2036,2205 1996,2205 1996,2206 1794,2206 1794,2207 1693,2207 1693,2208 1620,2208 1620,2209 1592,2209 1592,2210 1532,2210 1532,2211 1491,2211 1491,2212 1480,2212 1480,2191 1479,2191 1479,2174 1478,2174 1478,2073 1477,2073 1477,2071 1489,2071 1489,2070 1524,2070 1524,2069 1590,2069 1590,2068 1619,2068 1619,2067 1691,2067 1691,2066 1792,2066 1792,2065 1894,2065 1894,2064"/>
                  </Shape>
                  <TextLine HEIGHT="49" WIDTH="451" VPOS="2087" HPOS="1539">
                     <String WC="0.87333333492279053"
                             CONTENT="glo-ri"
                             HEIGHT="44"
                             WIDTH="120"
                             VPOS="2092"
                             HPOS="1539">glo-ri</String>
                     <SP WIDTH="24" VPOS="2092" HPOS="1660"> </SP>
                     <String WC="1."
                             CONTENT="-"
                             HEIGHT="7"
                             WIDTH="12"
                             VPOS="2109"
                             HPOS="1685">-</String>
                     <SP WIDTH="29" VPOS="2091" HPOS="1698"> </SP>
                     <String WC="0.69333332777023315"
                             CONTENT="fy,"
                             HEIGHT="42"
                             WIDTH="55"
                             VPOS="2091"
                             HPOS="1728">fy,</String>
                     <SP WIDTH="62" VPOS="2088" HPOS="1784"> </SP>
                     <String WC="1."
                             CONTENT="A"
                             HEIGHT="36"
                             WIDTH="31"
                             VPOS="2088"
                             HPOS="1847">A</String>
                     <SP WIDTH="39" VPOS="2087" HPOS="1879"> </SP>
                     <String WC="0.81999999284744263"
                             CONTENT="nev"
                             HEIGHT="25"
                             WIDTH="71"
                             VPOS="2098"
                             HPOS="1919">nev</String>
                  </TextLine>
               </TextBlock>
               <TextBlock ID="Page1_Block24"
                          HEIGHT="161"
                          WIDTH="953"
                          VPOS="2053"
                          HPOS="2033"
                          language="en-US">
                  <Shape>
                     <Polygon POINTS="2703,2060 2725,2060 2725,2061 2769,2061 2769,2062 2834,2062 2834,2063 2984,2063 2984,2164 2985,2164 2985,2179 2986,2179 2986,2204 2985,2204 2985,2205 2907,2205 2907,2206 2300,2206 2300,2207 2186,2207 2186,2206 2151,2206 2151,2205 2036,2205 2036,2185 2035,2185 2035,2170 2034,2170 2034,2069 2033,2069 2033,2065 2034,2065 2034,2064 2096,2064 2096,2063 2500,2063 2500,2062 2695,2062 2695,2061 2703,2061 2703,2060"/>
                  </Shape>
                  <TextLine HEIGHT="67" WIDTH="877" VPOS="2068" HPOS="2040">
                     <String WC="1."
                             CONTENT="—"
                             HEIGHT="12"
                             WIDTH="33"
                             VPOS="2102"
                             HPOS="2040">—</String>
                     <SP WIDTH="59" VPOS="2094" HPOS="2074"> </SP>
                     <String WC="1."
                             CONTENT="er"
                             HEIGHT="27"
                             WIDTH="37"
                             VPOS="2094"
                             HPOS="2134">er</String>
                     <SP WIDTH="11" VPOS="2095" HPOS="2172"> </SP>
                     <String WC="1."
                             CONTENT="-"
                             HEIGHT="6"
                             WIDTH="11"
                             VPOS="2104"
                             HPOS="2184">-</String>
                     <SP WIDTH="11" VPOS="2084" HPOS="2196"> </SP>
                     <String WC="1."
                             CONTENT="dy"
                             HEIGHT="43"
                             WIDTH="48"
                             VPOS="2084"
                             HPOS="2208">dy</String>
                     <SP WIDTH="11" VPOS="2096" HPOS="2257"> </SP>
                     <String WC="0.63999998569488525"
                             CONTENT="-"
                             HEIGHT="6"
                             WIDTH="13"
                             VPOS="2103"
                             HPOS="2269">-</String>
                     <SP WIDTH="15" VPOS="2084" HPOS="2283"> </SP>
                     <String WC="0.93666666746139526"
                             CONTENT="ing"
                             HEIGHT="42"
                             WIDTH="61"
                             VPOS="2083"
                             HPOS="2299">ing</String>
                     <SP WIDTH="31" VPOS="2093" HPOS="2361"> </SP>
                     <String WC="1."
                             CONTENT="soul"
                             HEIGHT="37"
                             WIDTH="79"
                             VPOS="2081"
                             HPOS="2393">soul</String>
                     <SP WIDTH="45" VPOS="2080" HPOS="2473"> </SP>
                     <String WC="0.92500001192092896"
                             CONTENT="to"
                             HEIGHT="33"
                             WIDTH="36"
                             VPOS="2083"
                             HPOS="2519">to</String>
                     <SP WIDTH="84" VPOS="2090" HPOS="2556"> </SP>
                     <String WC="0.92199999094009399"
                             CONTENT="save,"
                             HEIGHT="31"
                             WIDTH="102"
                             VPOS="2089"
                             HPOS="2641">save,</String>
                     <SP WIDTH="18" VPOS="2078" HPOS="2744"> </SP>
                     <String WC="1."
                             CONTENT="And"
                             HEIGHT="40"
                             WIDTH="82"
                             VPOS="2076"
                             HPOS="2763">And</String>
                     <SP WIDTH="28" VPOS="2078" HPOS="2846"> </SP>
                     <String WC="0.54666668176651001"
                             CONTENT="fit"
                             HEIGHT="38"
                             WIDTH="42"
                             VPOS="2077"
                             HPOS="2875">fit</String>
                  </TextLine>
               </TextBlock>
               <TextBlock ID="Page1_Block25"
                          HEIGHT="144"
                          WIDTH="147"
                          VPOS="2060"
                          HPOS="2983"
                          language="en-US">
                  <Shape>
                     <Polygon POINTS="3014,2061 3127,2061 3127,2062 3128,2062 3128,2163 3129,2163 3129,2177 3130,2177 3130,2202 3109,2202 3109,2203 3008,2203 3008,2204 2986,2204 2986,2186 2985,2186 2985,2164 2984,2164 2984,2063 3006,2063 3006,2062 3014,2062 3014,2061"/>
                  </Shape>
                  <TextLine HEIGHT="35" WIDTH="27" VPOS="2077" HPOS="3024">
                     <String WC="0.4050000011920929"
                             CONTENT="it"
                             HEIGHT="35"
                             WIDTH="27"
                             VPOS="2077"
                             HPOS="3024">it</String>
                  </TextLine>
               </TextBlock>
               <TextBlock ID="Page1_Block26"
                          HEIGHT="150"
                          WIDTH="466"
                          VPOS="2055"
                          HPOS="3127"
                          language="en-US">
                  <Shape>
                     <Polygon POINTS="3512,2058 3591,2058 3591,2059 3592,2059 3592,2160 3593,2160 3593,2199 3588,2199 3588,2200 3513,2200 3513,2201 3412,2201 3412,2202 3404,2202 3404,2203 3311,2203 3311,2204 3296,2204 3296,2203 3130,2203 3130,2184 3129,2184 3129,2163 3128,2163 3128,2061 3208,2061 3208,2060 3411,2060 3411,2059 3512,2059 3512,2058"/>
                  </Shape>
                  <TextLine HEIGHT="44" WIDTH="390" VPOS="2070" HPOS="3177">
                     <String WC="0.98666667938232422"
                             CONTENT="for"
                             HEIGHT="37"
                             WIDTH="56"
                             VPOS="2075"
                             HPOS="3177">for</String>
                     <SP WIDTH="29" VPOS="2079" HPOS="3234"> </SP>
                     <String WC="1."
                             CONTENT="the"
                             HEIGHT="37"
                             WIDTH="62"
                             VPOS="2076"
                             HPOS="3264">the</String>
                     <SP WIDTH="16" VPOS="2087" HPOS="3326"> </SP>
                     <String WC="0.92750000953674316"
                             CONTENT="skv."
                             HEIGHT="36"
                             WIDTH="85"
                             VPOS="2074"
                             HPOS="3343">skv.</String>
                     <SP WIDTH="51" VPOS="2085" HPOS="3429"> </SP>
                     <String WC="0.78750002384185791"
                             CONTENT="skv."
                             HEIGHT="34"
                             WIDTH="86"
                             VPOS="2074"
                             HPOS="3481">skv.</String>
                  </TextLine>
               </TextBlock>
               <TextBlock ID="Page1_Block27"
                          HEIGHT="226"
                          WIDTH="555"
                          VPOS="2214"
                          HPOS="511"
                          language="en-US">
                  <Shape>
                     <Polygon POINTS="1056,2214 1064,2214 1064,2277 1065,2277 1065,2378 1066,2378 1066,2430 1001,2430 1001,2431 986,2431 986,2432 898,2432 898,2433 885,2433 885,2434 833,2434 833,2435 786,2435 786,2436 784,2436 784,2437 706,2437 706,2438 683,2438 683,2439 582,2439 582,2440 514,2440 514,2382 513,2382 513,2281 512,2281 512,2225 580,2225 580,2224 590,2224 590,2223 681,2223 681,2222 740,2222 740,2221 782,2221 782,2220 804,2220 804,2219 860,2219 860,2218 883,2218 883,2217 978,2217 978,2216 984,2216 984,2215 1056,2215 1056,2214"/>
                  </Shape>
                  <TextLine HEIGHT="54" WIDTH="522" VPOS="2299" HPOS="520">
                     <String WC="0.79500001668930054"
                             CONTENT="2."
                             HEIGHT="24"
                             WIDTH="32"
                             VPOS="2321"
                             HPOS="520">2.</String>
                     <SP WIDTH="27" VPOS="2308" HPOS="553"> </SP>
                     <String WC="1."
                             CONTENT="To"
                             HEIGHT="37"
                             WIDTH="53"
                             VPOS="2307"
                             HPOS="581">To</String>
                     <SP WIDTH="16" VPOS="2318" HPOS="635"> </SP>
                     <String WC="0.99599999189376831"
                             CONTENT="serve"
                             HEIGHT="27"
                             WIDTH="105"
                             VPOS="2316"
                             HPOS="652">serve</String>
                     <SP WIDTH="14" VPOS="2307" HPOS="758"> </SP>
                     <String WC="0.87000000476837158"
                             CONTENT="the"
                             HEIGHT="37"
                             WIDTH="63"
                             VPOS="2304"
                             HPOS="773">the</String>
                     <SP WIDTH="14" VPOS="2314" HPOS="837"> </SP>
                     <String WC="1."
                             CONTENT="pres"
                             HEIGHT="34"
                             WIDTH="81"
                             VPOS="2312"
                             HPOS="852">pres</String>
                     <SP WIDTH="16" VPOS="2312" HPOS="934"> </SP>
                     <String WC="1."
                             CONTENT="-"
                             HEIGHT="6"
                             WIDTH="12"
                             VPOS="2321"
                             HPOS="951">-</String>
                     <SP WIDTH="16" VPOS="2313" HPOS="964"> </SP>
                     <String WC="0.88333332538604736"
                             CONTENT="ent"
                             HEIGHT="35"
                             WIDTH="61"
                             VPOS="2303"
                             HPOS="981">ent</String>
                  </TextLine>
               </TextBlock>
               <TextBlock ID="Page1_Block28"
                          HEIGHT="224"
                          WIDTH="418"
                          VPOS="2208"
                          HPOS="1064"
                          language="en-US">
                  <Shape>
                     <Polygon POINTS="1288,2209 1348,2209 1348,2210 1408,2210 1408,2211 1437,2211 1437,2212 1480,2212 1480,2274 1481,2274 1481,2375 1482,2375 1482,2427 1481,2427 1481,2428 1088,2428 1088,2429 1078,2429 1078,2430 1067,2430 1067,2378 1066,2378 1066,2277 1065,2277 1065,2214 1085,2214 1085,2213 1130,2213 1130,2212 1187,2212 1187,2211 1222,2211 1222,2210 1288,2210 1288,2209"/>
                  </Shape>
                  <TextLine HEIGHT="50" WIDTH="349" VPOS="2294" HPOS="1102">
                     <String WC="0.95249998569488525"
                             CONTENT="age,"
                             HEIGHT="33"
                             WIDTH="80"
                             VPOS="2309"
                             HPOS="1102">age,</String>
                     <SP WIDTH="21" VPOS="2299" HPOS="1183"> </SP>
                     <String WC="0.5"
                             CONTENT="My"
                             HEIGHT="41"
                             WIDTH="65"
                             VPOS="2299"
                             HPOS="1205">My</String>
                     <SP WIDTH="13" VPOS="2306" HPOS="1271"> </SP>
                     <String WC="0.86000001430511475"
                             CONTENT="call"
                             HEIGHT="36"
                             WIDTH="65"
                             VPOS="2296"
                             HPOS="1285">call</String>
                     <SP WIDTH="12" VPOS="2297" HPOS="1351"> </SP>
                     <String WC="0.56999999284744263"
                             CONTENT="-"
                             HEIGHT="7"
                             WIDTH="12"
                             VPOS="2313"
                             HPOS="1364">-</String>
                     <SP WIDTH="12" VPOS="2295" HPOS="1377"> </SP>
                     <String WC="0.65333330631256104"
                             CONTENT="ing"
                             HEIGHT="41"
                             WIDTH="61"
                             VPOS="2296"
                             HPOS="1390">ing</String>
                  </TextLine>
               </TextBlock>
               <TextBlock ID="Page1_Block29"
                          HEIGHT="224"
                          WIDTH="558"
                          VPOS="2204"
                          HPOS="1480"
                          language="en-US">
                  <Shape>
                     <Polygon POINTS="1894,2205 2036,2205 2036,2271 2037,2271 2037,2372 2038,2372 2038,2421 1998,2421 1998,2422 1795,2422 1795,2423 1694,2423 1694,2424 1606,2424 1606,2425 1593,2425 1593,2426 1534,2426 1534,2427 1492,2427 1492,2428 1482,2428 1482,2376 1481,2376 1481,2275 1480,2275 1480,2212 1490,2212 1490,2211 1525,2211 1525,2210 1591,2210 1591,2209 1620,2209 1620,2208 1692,2208 1692,2207 1793,2207 1793,2206 1894,2206 1894,2205"/>
                  </Shape>
                  <TextLine HEIGHT="46" WIDTH="465" VPOS="2287" HPOS="1542">
                     <String WC="1."
                             CONTENT="to"
                             HEIGHT="33"
                             WIDTH="37"
                             VPOS="2294"
                             HPOS="1542">to</String>
                     <SP WIDTH="36" VPOS="2292" HPOS="1580"> </SP>
                     <String WC="0.69999998807907104"
                             CONTENT="ful"
                             HEIGHT="33"
                             WIDTH="54"
                             VPOS="2292"
                             HPOS="1617">ful</String>
                     <SP WIDTH="16" VPOS="2292" HPOS="1672"> </SP>
                     <String WC="1."
                             CONTENT="-"
                             HEIGHT="8"
                             WIDTH="11"
                             VPOS="2307"
                             HPOS="1689">-</String>
                     <SP WIDTH="21" VPOS="2291" HPOS="1701"> </SP>
                     <String WC="0.83600002527236938"
                             CONTENT="fill,"
                             HEIGHT="41"
                             WIDTH="64"
                             VPOS="2290"
                             HPOS="1723">fill,</String>
                     <SP WIDTH="76" VPOS="2289" HPOS="1788"> </SP>
                     <String WC="0.25"
                             CONTENT="O"
                             HEIGHT="35"
                             WIDTH="39"
                             VPOS="2288"
                             HPOS="1865">O</String>
                     <SP WIDTH="16" VPOS="2288" HPOS="1905"> </SP>
                     <String WC="1."
                             CONTENT="may"
                             HEIGHT="33"
                             WIDTH="85"
                             VPOS="2296"
                             HPOS="1922">may</String>
                  </TextLine>
               </TextBlock>
               <TextBlock ID="Page1_Block30"
                          HEIGHT="238"
                          WIDTH="952"
                          VPOS="2194"
                          HPOS="2036"
                          language="en-US">
                  <Shape>
                     <Polygon POINTS="2704,2202 2744,2202 2744,2203 2777,2203 2777,2204 2838,2204 2838,2205 2986,2205 2986,2265 2987,2265 2987,2366 2988,2366 2988,2422 2908,2422 2908,2423 2301,2423 2301,2424 2251,2424 2251,2423 2171,2423 2171,2422 2139,2422 2139,2421 2038,2421 2038,2373 2037,2373 2037,2271 2036,2271 2036,2205 2097,2205 2097,2204 2501,2204 2501,2203 2704,2203 2704,2202"/>
                  </Shape>
                  <TextLine HEIGHT="65" WIDTH="777" VPOS="2267" HPOS="2135">
                     <String WC="0.98000001907348633"
                             CONTENT="it"
                             HEIGHT="35"
                             WIDTH="27"
                             VPOS="2285"
                             HPOS="2135">it</String>
                     <SP WIDTH="59" VPOS="2286" HPOS="2163"> </SP>
                     <String WC="0.87999999523162842"
                             CONTENT="all"
                             HEIGHT="35"
                             WIDTH="45"
                             VPOS="2283"
                             HPOS="2223">all</String>
                     <SP WIDTH="32" VPOS="2283" HPOS="2269"> </SP>
                     <String WC="0.8399999737739563"
                             CONTENT="my"
                             HEIGHT="32"
                             WIDTH="62"
                             VPOS="2292"
                             HPOS="2302">my</String>
                     <SP WIDTH="14" VPOS="2292" HPOS="2365"> </SP>
                     <String WC="0.83333331346511841"
                             CONTENT="powers"
                             HEIGHT="35"
                             WIDTH="140"
                             VPOS="2289"
                             HPOS="2380">powers</String>
                     <SP WIDTH="16" VPOS="2289" HPOS="2521"> </SP>
                     <String WC="0.98000001907348633"
                             CONTENT="en"
                             HEIGHT="25"
                             WIDTH="44"
                             VPOS="2289"
                             HPOS="2538">en</String>
                     <SP WIDTH="17" VPOS="2291" HPOS="2583"> </SP>
                     <String WC="0.99000000953674316"
                             CONTENT="-"
                             HEIGHT="7"
                             WIDTH="11"
                             VPOS="2297"
                             HPOS="2601">-</String>
                     <SP WIDTH="23" VPOS="2288" HPOS="2613"> </SP>
                     <String WC="1."
                             CONTENT="gage"
                             HEIGHT="34"
                             WIDTH="93"
                             VPOS="2287"
                             HPOS="2637">gage</String>
                     <SP WIDTH="30" VPOS="2275" HPOS="2731"> </SP>
                     <String WC="0.93999999761581421"
                             CONTENT="To"
                             HEIGHT="38"
                             WIDTH="55"
                             VPOS="2275"
                             HPOS="2762">To</String>
                     <SP WIDTH="49" VPOS="2275" HPOS="2818"> </SP>
                     <String WC="0.88999998569488525"
                             CONTENT="do"
                             HEIGHT="37"
                             WIDTH="44"
                             VPOS="2275"
                             HPOS="2868">do</String>
                  </TextLine>
               </TextBlock>
               <TextBlock ID="Page1_Block31"
                          HEIGHT="220"
                          WIDTH="146"
                          VPOS="2202"
                          HPOS="2986"
                          language="en-US">
                  <Shape>
                     <Polygon POINTS="3108,2202 3116,2202 3116,2203 3130,2203 3130,2264 3131,2264 3131,2365 3132,2365 3132,2420 3110,2420 3110,2421 3009,2421 3009,2422 2988,2422 2988,2367 2987,2367 2987,2266 2986,2266 2986,2205 3006,2205 3006,2204 3007,2204 3007,2203 3108,2203 3108,2202"/>
                  </Shape>
                  <TextLine HEIGHT="36" WIDTH="63" VPOS="2284" HPOS="3005">
                     <String WC="0.92500001192092896"
                             CONTENT="my"
                             HEIGHT="36"
                             WIDTH="63"
                             VPOS="2284"
                             HPOS="3005">my</String>
                  </TextLine>
               </TextBlock>
               <TextBlock ID="Page1_Block32"
                          HEIGHT="225"
                          WIDTH="466"
                          VPOS="2197"
                          HPOS="3129"
                          language="en-US">
                  <Shape>
                     <Polygon POINTS="3588,2199 3593,2199 3593,2261 3594,2261 3594,2362 3595,2362 3595,2416 3515,2416 3515,2417 3449,2417 3449,2418 3414,2418 3414,2419 3406,2419 3406,2420 3313,2420 3313,2421 3279,2421 3279,2420 3132,2420 3132,2366 3131,2366 3131,2265 3130,2265 3130,2203 3209,2203 3209,2202 3412,2202 3412,2201 3513,2201 3513,2200 3588,2200 3588,2199"/>
                  </Shape>
                  <TextLine HEIGHT="45" WIDTH="420" VPOS="2269" HPOS="3166">
                     <String WC="0.98777776956558228"
                             CONTENT="Mas-ter’s"
                             HEIGHT="41"
                             WIDTH="185"
                             VPOS="2272"
                             HPOS="3166">Mas-ter’s</String>
                     <SP WIDTH="15" VPOS="2284" HPOS="3352"> </SP>
                     <String WC="0.75599998235702515"
                             CONTENT="will!"
                             HEIGHT="37"
                             WIDTH="95"
                             VPOS="2273"
                             HPOS="3368">will!</String>
                     <SP WIDTH="25" VPOS="2274" HPOS="3464"> </SP>
                     <String WC="0.65200001001358032"
                             CONTENT="will!"
                             HEIGHT="38"
                             WIDTH="96"
                             VPOS="2272"
                             HPOS="3490">will!</String>
                  </TextLine>
                  <TextLine HEIGHT="35" WIDTH="149" VPOS="2315" HPOS="3386">
                     <String WC="0.63999998569488525"
                             CONTENT="1"
                             HEIGHT="31"
                             WIDTH="18"
                             VPOS="2318"
                             HPOS="3386">1</String>
                     <SP WIDTH="107" VPOS="2317" HPOS="3405"> </SP>
                     <String WC="1."
                             CONTENT="2"
                             HEIGHT="30"
                             WIDTH="22"
                             VPOS="2317"
                             HPOS="3513">2</String>
                  </TextLine>
               </TextBlock>
               <TextBlock ID="Page1_Block33"
                          HEIGHT="178"
                          WIDTH="555"
                          VPOS="2429"
                          HPOS="513"
                          language="en-US">
                  <Shape>
                     <Polygon POINTS="1001,2430 1066,2430 1066,2479 1067,2479 1067,2580 1068,2580 1068,2595 1067,2595 1067,2596 1028,2596 1028,2597 987,2597 987,2598 937,2598 937,2599 886,2599 886,2600 868,2600 868,2601 819,2601 819,2602 785,2602 785,2603 771,2603 771,2604 684,2604 684,2605 679,2605 679,2606 583,2606 583,2607 516,2607 516,2584 515,2584 515,2483 514,2483 514,2440 592,2440 592,2439 682,2439 682,2438 706,2438 706,2437 783,2437 783,2436 786,2436 786,2435 833,2435 833,2434 885,2434 885,2433 898,2433 898,2432 986,2432 986,2431 1001,2431 1001,2430"/>
                  </Shape>
                  <TextLine HEIGHT="56" WIDTH="527" VPOS="2528" HPOS="527">
                     <String WC="0.77499997615814209"
                             CONTENT="3."
                             HEIGHT="33"
                             WIDTH="31"
                             VPOS="2551"
                             HPOS="527">3.</String>
                     <SP WIDTH="28" VPOS="2539" HPOS="558"> </SP>
                     <String WC="0.86333334445953369"
                             CONTENT="Arm"
                             HEIGHT="35"
                             WIDTH="84"
                             VPOS="2538"
                             HPOS="587">Arm</String>
                     <SP WIDTH="18" VPOS="2546" HPOS="672"> </SP>
                     <String WC="1."
                             CONTENT="me"
                             HEIGHT="26"
                             WIDTH="55"
                             VPOS="2545"
                             HPOS="691">me</String>
                     <SP WIDTH="15" VPOS="2545" HPOS="747"> </SP>
                     <String WC="0.62000000476837158"
                             CONTENT="with"
                             HEIGHT="39"
                             WIDTH="89"
                             VPOS="2532"
                             HPOS="763">with</String>
                     <SP WIDTH="16" VPOS="2532" HPOS="853"> </SP>
                     <String WC="0.75"
                             CONTENT="jeal"
                             HEIGHT="45"
                             WIDTH="69"
                             VPOS="2531"
                             HPOS="870">jeal</String>
                     <SP WIDTH="17" VPOS="2531" HPOS="940"> </SP>
                     <String WC="1."
                             CONTENT="-"
                             HEIGHT="6"
                             WIDTH="11"
                             VPOS="2550"
                             HPOS="958">-</String>
                     <SP WIDTH="15" VPOS="2541" HPOS="970"> </SP>
                     <String WC="1."
                             CONTENT="ous"
                             HEIGHT="26"
                             WIDTH="67"
                             VPOS="2540"
                             HPOS="986">ous</String>
                  </TextLine>
               </TextBlock>
               <TextBlock ID="Page1_Block34"
                          HEIGHT="175"
                          WIDTH="418"
                          VPOS="2423"
                          HPOS="1066"
                          language="en-US">
                  <Shape>
                     <Polygon POINTS="1289,2424 1340,2424 1340,2425 1400,2425 1400,2426 1422,2426 1422,2427 1447,2427 1447,2428 1482,2428 1482,2476 1483,2476 1483,2577 1484,2577 1484,2593 1483,2593 1483,2594 1133,2594 1133,2595 1089,2595 1089,2596 1069,2596 1069,2581 1068,2581 1068,2480 1067,2480 1067,2430 1078,2430 1078,2429 1087,2429 1087,2428 1161,2428 1161,2427 1188,2427 1188,2426 1281,2426 1281,2425 1289,2425 1289,2424"/>
                  </Shape>
                  <TextLine HEIGHT="53" WIDTH="359" VPOS="2521" HPOS="1092">
                     <String WC="0.79600000381469727"
                             CONTENT="care,"
                             HEIGHT="34"
                             WIDTH="92"
                             VPOS="2537"
                             HPOS="1092">care,</String>
                     <SP WIDTH="18" VPOS="2527" HPOS="1185"> </SP>
                     <String WC="1."
                             CONTENT="As"
                             HEIGHT="35"
                             WIDTH="53"
                             VPOS="2527"
                             HPOS="1204">As</String>
                     <SP WIDTH="45" VPOS="2525" HPOS="1258"> </SP>
                     <String WC="0.5899999737739563"
                             CONTENT="in"
                             HEIGHT="34"
                             WIDTH="36"
                             VPOS="2525"
                             HPOS="1304">in</String>
                     <SP WIDTH="23" VPOS="2524" HPOS="1341"> </SP>
                     <String WC="1."
                             CONTENT="Thy"
                             HEIGHT="47"
                             WIDTH="86"
                             VPOS="2522"
                             HPOS="1365">Thy</String>
                  </TextLine>
               </TextBlock>
               <TextBlock ID="Page1_Block35"
                          HEIGHT="175"
                          WIDTH="558"
                          VPOS="2420"
                          HPOS="1482"
                          language="en-US">
                  <Shape>
                     <Polygon POINTS="1896,2421 2038,2421 2038,2473 2039,2473 2039,2574 2040,2574 2040,2588 1999,2588 1999,2589 1797,2589 1797,2590 1695,2590 1695,2591 1608,2591 1608,2592 1594,2592 1594,2593 1536,2593 1536,2594 1493,2594 1493,2595 1484,2595 1484,2578 1483,2578 1483,2477 1482,2477 1482,2428 1491,2428 1491,2427 1527,2427 1527,2426 1592,2426 1592,2425 1606,2425 1606,2424 1694,2424 1694,2423 1795,2423 1795,2422 1896,2422 1896,2421"/>
                  </Shape>
                  <TextLine HEIGHT="50" WIDTH="473" VPOS="2515" HPOS="1512">
                     <String WC="0.85399997234344482"
                             CONTENT="sight"
                             HEIGHT="45"
                             WIDTH="101"
                             VPOS="2520"
                             HPOS="1512">sight</String>
                     <SP WIDTH="20" VPOS="2522" HPOS="1614"> </SP>
                     <String WC="0.92000001668930054"
                             CONTENT="to"
                             HEIGHT="33"
                             WIDTH="37"
                             VPOS="2522"
                             HPOS="1635">to</String>
                     <SP WIDTH="39" VPOS="2519" HPOS="1673"> </SP>
                     <String WC="0.95200002193450928"
                             CONTENT="live;"
                             HEIGHT="43"
                             WIDTH="82"
                             VPOS="2518"
                             HPOS="1713">live;</String>
                     <SP WIDTH="21" VPOS="2518" HPOS="1796"> </SP>
                     <String WC="0.86666667461395264"
                             CONTENT="And"
                             HEIGHT="36"
                             WIDTH="81"
                             VPOS="2516"
                             HPOS="1818">And</String>
                     <SP WIDTH="46" VPOS="2515" HPOS="1900"> </SP>
                     <String WC="0.34000000357627869"
                             CONTENT="O"
                             HEIGHT="36"
                             WIDTH="38"
                             VPOS="2515"
                             HPOS="1947">O</String>
                  </TextLine>
               </TextBlock>
               <TextBlock ID="Page1_Block36"
                          HEIGHT="190"
                          WIDTH="952"
                          VPOS="2410"
                          HPOS="2038"
                          language="en-US">
                  <Shape>
                     <Polygon POINTS="2705,2419 2745,2419 2745,2420 2773,2420 2773,2421 2826,2421 2826,2422 2988,2422 2988,2467 2989,2467 2989,2568 2990,2568 2990,2589 2989,2589 2989,2590 2909,2590 2909,2591 2302,2591 2302,2592 2286,2592 2286,2591 2193,2591 2193,2590 2163,2590 2163,2589 2094,2589 2094,2588 2040,2588 2040,2575 2039,2575 2039,2474 2038,2474 2038,2421 2098,2421 2098,2420 2705,2420 2705,2419"/>
                  </Shape>
                  <TextLine HEIGHT="72" WIDTH="863" VPOS="2494" HPOS="2108">
                     <String WC="0.87666666507720947"
                             CONTENT="Thy"
                             HEIGHT="45"
                             WIDTH="86"
                             VPOS="2512"
                             HPOS="2108">Thy</String>
                     <SP WIDTH="14" VPOS="2522" HPOS="2195"> </SP>
                     <String WC="0.96333330869674683"
                             CONTENT="serv-ant,"
                             HEIGHT="43"
                             WIDTH="177"
                             VPOS="2512"
                             HPOS="2210">serv-ant,</String>
                     <SP WIDTH="18" VPOS="2510" HPOS="2388"> </SP>
                     <String WC="0.96399998664855957"
                             CONTENT="Lord,"
                             HEIGHT="45"
                             WIDTH="107"
                             VPOS="2508"
                             HPOS="2407">Lord,</String>
                     <SP WIDTH="16" VPOS="2519" HPOS="2515"> </SP>
                     <String WC="0.9100000262260437"
                             CONTENT="pre"
                             HEIGHT="34"
                             WIDTH="61"
                             VPOS="2518"
                             HPOS="2532">pre</String>
                     <SP WIDTH="16" VPOS="2519" HPOS="2594"> </SP>
                     <String WC="0.77999997138977051"
                             CONTENT="-"
                             HEIGHT="6"
                             WIDTH="10"
                             VPOS="2525"
                             HPOS="2611">-</String>
                     <SP WIDTH="22" VPOS="2518" HPOS="2622"> </SP>
                     <String WC="0.75"
                             CONTENT="pare"
                             HEIGHT="33"
                             WIDTH="83"
                             VPOS="2517"
                             HPOS="2645">pare</String>
                     <SP WIDTH="47" VPOS="2504" HPOS="2729"> </SP>
                     <String WC="1."
                             CONTENT="A"
                             HEIGHT="37"
                             WIDTH="30"
                             VPOS="2505"
                             HPOS="2777">A</String>
                     <SP WIDTH="61" VPOS="2506" HPOS="2808"> </SP>
                     <String WC="0.92666667699813843"
                             CONTENT="strict"
                             HEIGHT="38"
                             WIDTH="101"
                             VPOS="2505"
                             HPOS="2870">strict</String>
                  </TextLine>
               </TextBlock>
               <TextBlock ID="Page1_Block37"
                          HEIGHT="171"
                          WIDTH="145"
                          VPOS="2419"
                          HPOS="2988"
                          language="en-US">
                  <Shape>
                     <Polygon POINTS="3109,2420 3131,2420 3131,2466 3132,2466 3132,2567 3133,2567 3133,2588 3111,2588 3111,2589 3010,2589 3010,2590 2990,2590 2990,2569 2989,2569 2989,2468 2988,2468 2988,2422 3008,2422 3008,2421 3109,2421 3109,2420"/>
                  </Shape>
                  <TextLine HEIGHT="26" WIDTH="101" VPOS="2514" HPOS="3016">
                     <String WC="1."
                             CONTENT="ac"
                             HEIGHT="25"
                             WIDTH="40"
                             VPOS="2515"
                             HPOS="3016">ac</String>
                     <SP WIDTH="45" VPOS="2515" HPOS="3057"> </SP>
                     <String WC="0.77999997138977051"
                             CONTENT="-"
                             HEIGHT="7"
                             WIDTH="14"
                             VPOS="2522"
                             HPOS="3103">-</String>
                  </TextLine>
               </TextBlock>
               <TextBlock ID="Page1_Block38"
                          HEIGHT="176"
                          WIDTH="466"
                          VPOS="2414"
                          HPOS="3131"
                          language="en-US">
                  <Shape>
                     <Polygon POINTS="3514,2416 3595,2416 3595,2463 3596,2463 3596,2564 3597,2564 3597,2582 3596,2582 3596,2583 3548,2583 3548,2584 3516,2584 3516,2585 3420,2585 3420,2586 3415,2586 3415,2587 3407,2587 3407,2588 3314,2588 3314,2589 3206,2589 3206,2588 3134,2588 3134,2568 3133,2568 3133,2467 3132,2467 3132,2420 3399,2420 3399,2419 3413,2419 3413,2418 3449,2418 3449,2417 3514,2417 3514,2416"/>
                  </Shape>
                  <TextLine HEIGHT="52" WIDTH="432" VPOS="2499" HPOS="3155">
                     <String WC="0.8880000114440918"
                             CONTENT="count"
                             HEIGHT="35"
                             WIDTH="109"
                             VPOS="2505"
                             HPOS="3155">count</String>
                     <SP WIDTH="13" VPOS="2506" HPOS="3265"> </SP>
                     <String WC="0.74000000953674316"
                             CONTENT="to"
                             HEIGHT="34"
                             WIDTH="37"
                             VPOS="2506"
                             HPOS="3279">to</String>
                     <SP WIDTH="28" VPOS="2514" HPOS="3317"> </SP>
                     <String WC="0.79600000381469727"
                             CONTENT="give."
                             HEIGHT="46"
                             WIDTH="95"
                             VPOS="2501"
                             HPOS="3346">give.</String>
                     <SP WIDTH="49" VPOS="2513" HPOS="3442"> </SP>
                     <String WC="0.87000000476837158"
                             CONTENT="give."
                             HEIGHT="44"
                             WIDTH="95"
                             VPOS="2501"
                             HPOS="3492">give.</String>
                  </TextLine>
                  <TextLine HEIGHT="35" WIDTH="148" VPOS="2544" HPOS="3390">
                     <String WC="0.40000000596046448"
                             CONTENT="1"
                             HEIGHT="32"
                             WIDTH="21"
                             VPOS="2547"
                             HPOS="3390">1</String>
                     <SP WIDTH="104" VPOS="2544" HPOS="3411"> </SP>
                     <String WC="1."
                             CONTENT="2"
                             HEIGHT="28"
                             WIDTH="23"
                             VPOS="2547"
                             HPOS="3515">2</String>
                  </TextLine>
               </TextBlock>
            </ComposedBlock>
            <ComposedBlock ID="Page1_Block39"
                           HEIGHT="377"
                           WIDTH="3425"
                           VPOS="2699"
                           HPOS="249"
                           TYPE="container">
               <Shape>
                  <Polygon POINTS="3617,2717 3671,2717 3671,2766 3672,2766 3672,2867 3673,2867 3673,2968 3674,2968 3674,3034 3620,3034 3620,3035 3591,3035 3591,3036 3519,3036 3519,3037 3508,3037 3508,3038 3431,3038 3431,3039 3417,3039 3417,3040 3412,3040 3412,3041 3391,3041 3391,3042 3316,3042 3316,3043 3013,3043 3013,3044 2912,3044 2912,3045 1496,3045 1496,3046 990,3046 990,3047 980,3047 980,3048 921,3048 921,3049 889,3049 889,3050 873,3050 873,3051 831,3051 831,3052 791,3052 791,3053 788,3053 788,3054 727,3054 727,3055 687,3055 687,3056 605,3056 605,3057 586,3057 586,3058 485,3058 485,3059 450,3059 450,3060 384,3060 384,3061 343,3061 343,3062 298,3062 298,3063 282,3063 282,3064 268,3064 268,3065 253,3065 253,2990 252,2990 252,2889 251,2889 251,2788 250,2788 250,2748 280,2748 280,2747 286,2747 286,2746 335,2746 335,2745 381,2745 381,2744 457,2744 457,2743 482,2743 482,2742 583,2742 583,2741 595,2741 595,2740 684,2740 684,2739 757,2739 757,2738 785,2738 785,2737 809,2737 809,2736 853,2736 853,2735 886,2735 886,2734 911,2734 911,2733 984,2733 984,2732 988,2732 988,2731 1089,2731 1089,2730 1093,2730 1093,2729 1173,2729 1173,2728 1190,2728 1190,2727 1272,2727 1272,2726 1291,2726 1291,2725 1797,2725 1797,2724 1898,2724 1898,2723 2707,2723 2707,2722 3415,2722 3415,2721 3475,2721 3475,2720 3516,2720 3516,2719 3586,2719 3586,2718 3617,2718 3617,2717"/>
               </Shape>
               <TextBlock ID="Page1_Block40"
                          HEIGHT="51"
                          WIDTH="73"
                          VPOS="2726"
                          HPOS="3010"
                          language="en-US">
                  <Shape>
                     <Polygon POINTS="3012,2727 3082,2727 3082,2770 3083,2770 3083,2776 3082,2776 3082,2777 3012,2777 3012,2771 3011,2771 3011,2728 3012,2728 3012,2727"/>
                  </Shape>
                  <TextLine HEIGHT="35" WIDTH="56" VPOS="2734" HPOS="3018">
                     <String WC="0.94333332777023315"
                             CONTENT="for"
                             HEIGHT="35"
                             WIDTH="56"
                             VPOS="2734"
                             HPOS="3018">for</String>
                  </TextLine>
               </TextBlock>
               <TextBlock ID="Page1_Block41"
                          HEIGHT="58"
                          WIDTH="267"
                          VPOS="2722"
                          HPOS="3171"
                          language="en-US">
                  <Shape>
                     <Polygon POINTS="3415,2723 3437,2723 3437,2768 3438,2768 3438,2775 3427,2775 3427,2776 3416,2776 3416,2777 3409,2777 3409,2778 3315,2778 3315,2779 3173,2779 3173,2770 3172,2770 3172,2726 3402,2726 3402,2725 3407,2725 3407,2724 3415,2724 3415,2723"/>
                  </Shape>
                  <TextLine HEIGHT="42" WIDTH="249" VPOS="2730" HPOS="3180">
                     <String WC="1."
                             CONTENT="ev"
                             HEIGHT="26"
                             WIDTH="46"
                             VPOS="2744"
                             HPOS="3180">ev</String>
                     <SP WIDTH="21" VPOS="2744" HPOS="3227"> </SP>
                     <String WC="1."
                             CONTENT="-"
                             HEIGHT="6"
                             WIDTH="14"
                             VPOS="2751"
                             HPOS="3249">-</String>
                     <SP WIDTH="21" VPOS="2744" HPOS="3264"> </SP>
                     <String WC="1."
                             CONTENT="er"
                             HEIGHT="27"
                             WIDTH="37"
                             VPOS="2742"
                             HPOS="3286">er</String>
                     <SP WIDTH="37" VPOS="2734" HPOS="3324"> </SP>
                     <String WC="0.87000000476837158"
                             CONTENT="die."
                             HEIGHT="39"
                             WIDTH="67"
                             VPOS="2731"
                             HPOS="3362">die.</String>
                  </TextLine>
               </TextBlock>
               <TextBlock ID="Page1_Block42"
                          HEIGHT="53"
                          WIDTH="83"
                          VPOS="2723"
                          HPOS="3487"
                          language="en-US">
                  <Shape>
                     <Polygon POINTS="3516,2724 3569,2724 3569,2767 3570,2767 3570,2775 3517,2775 3517,2776 3489,2776 3489,2768 3488,2768 3488,2725 3516,2725 3516,2724"/>
                  </Shape>
                  <TextLine HEIGHT="37" WIDTH="66" VPOS="2731" HPOS="3495">
                     <String WC="0.94249999523162842"
                             CONTENT="die."
                             HEIGHT="37"
                             WIDTH="66"
                             VPOS="2731"
                             HPOS="3495">die.</String>
                  </TextLine>
               </TextBlock>
               <TextBlock ID="Page1_Block43"
                          HEIGHT="72"
                          WIDTH="484"
                          VPOS="2750"
                          HPOS="577"
                          language="en-US">
                  <Shape>
                     <Polygon POINTS="988,2751 1060,2751 1060,2782 1061,2782 1061,2810 1048,2810 1048,2811 989,2811 989,2812 961,2812 961,2813 898,2813 898,2814 888,2814 888,2815 845,2815 845,2816 802,2816 802,2817 787,2817 787,2818 746,2818 746,2819 685,2819 685,2820 603,2820 603,2821 584,2821 584,2822 580,2822 580,2821 579,2821 579,2786 578,2786 578,2762 583,2762 583,2761 596,2761 596,2760 684,2760 684,2759 756,2759 756,2758 785,2758 785,2757 807,2757 807,2756 851,2756 851,2755 887,2755 887,2754 907,2754 907,2753 980,2753 980,2752 988,2752 988,2751"/>
                  </Shape>
                  <TextLine HEIGHT="54" WIDTH="468" VPOS="2758" HPOS="585">
                     <String WC="1."
                             CONTENT="Help"
                             HEIGHT="44"
                             WIDTH="92"
                             VPOS="2768"
                             HPOS="585">Help</String>
                     <SP WIDTH="18" VPOS="2778" HPOS="677"> </SP>
                     <String WC="0.88499999046325684"
                             CONTENT="me"
                             HEIGHT="26"
                             WIDTH="56"
                             VPOS="2777"
                             HPOS="695">me</String>
                     <SP WIDTH="30" VPOS="2769" HPOS="751"> </SP>
                     <String WC="0.82499998807907104"
                             CONTENT="to"
                             HEIGHT="35"
                             WIDTH="39"
                             VPOS="2767"
                             HPOS="781">to</String>
                     <SP WIDTH="16" VPOS="2775" HPOS="820"> </SP>
                     <String WC="0.64600002765655518"
                             CONTENT="watch"
                             HEIGHT="39"
                             WIDTH="120"
                             VPOS="2762"
                             HPOS="836">watch</String>
                     <SP WIDTH="25" VPOS="2762" HPOS="956"> </SP>
                     <String WC="1."
                             CONTENT="and"
                             HEIGHT="37"
                             WIDTH="72"
                             VPOS="2761"
                             HPOS="981">and</String>
                  </TextLine>
               </TextBlock>
               <TextBlock ID="Page1_Block44"
                          HEIGHT="49"
                          WIDTH="50"
                          VPOS="2773"
                          HPOS="515"
                          language="en-US">
                  <Shape>
                     <Polygon POINTS="516,2774 564,2774 564,2785 565,2785 565,2822 517,2822 517,2786 516,2786 516,2774"/>
                  </Shape>
                  <TextLine HEIGHT="33" WIDTH="33" VPOS="2781" HPOS="523">
                     <String WC="0.77499997615814209"
                             CONTENT="4-"
                             HEIGHT="33"
                             WIDTH="33"
                             VPOS="2781"
                             HPOS="523">4-</String>
                  </TextLine>
               </TextBlock>
               <TextBlock ID="Page1_Block45"
                          HEIGHT="135"
                          WIDTH="683"
                          VPOS="2721"
                          HPOS="2081"
                          language="en-US">
                  <Shape>
                     <Polygon POINTS="2707,2728 2723,2728 2723,2729 2761,2729 2761,2730 2763,2730 2763,2772 2764,2772 2764,2838 2730,2838 2730,2847 2708,2847 2708,2848 2607,2848 2607,2849 2405,2849 2405,2850 2339,2850 2339,2851 2304,2851 2304,2852 2295,2852 2295,2851 2240,2851 2240,2850 2178,2850 2178,2849 2151,2849 2151,2848 2082,2848 2082,2777 2081,2777 2081,2729 2707,2729 2707,2728"/>
                  </Shape>
                  <TextLine HEIGHT="57" WIDTH="618" VPOS="2731" HPOS="2138">
                     <String WC="0.58499997854232788"
                             CONTENT="if"
                             HEIGHT="36"
                             WIDTH="28"
                             VPOS="2742"
                             HPOS="2138">if</String>
                     <SP WIDTH="63" VPOS="2739" HPOS="2166"> </SP>
                     <String WC="0.57999998331069946"
                             CONTENT="I"
                             HEIGHT="36"
                             WIDTH="11"
                             VPOS="2741"
                             HPOS="2229">I</String>
                     <SP WIDTH="63" VPOS="2741" HPOS="2240"> </SP>
                     <String WC="1."
                             CONTENT="my"
                             HEIGHT="32"
                             WIDTH="62"
                             VPOS="2752"
                             HPOS="2303">my</String>
                     <SP WIDTH="30" VPOS="2742" HPOS="2365"> </SP>
                     <String WC="0.95999997854232788"
                             CONTENT="trust"
                             HEIGHT="37"
                             WIDTH="98"
                             VPOS="2740"
                             HPOS="2395">trust</String>
                     <SP WIDTH="37" VPOS="2738" HPOS="2493"> </SP>
                     <String WC="1."
                             CONTENT="be"
                             HEIGHT="36"
                             WIDTH="42"
                             VPOS="2738"
                             HPOS="2531">be</String>
                     <SP WIDTH="39" VPOS="2747" HPOS="2574"> </SP>
                     <String WC="0.75"
                             CONTENT="-"
                             HEIGHT="6"
                             WIDTH="15"
                             VPOS="2757"
                             HPOS="2614">-</String>
                     <SP WIDTH="29" VPOS="2740" HPOS="2630"> </SP>
                     <String WC="0.94800001382827759"
                             CONTENT="tray,"
                             HEIGHT="42"
                             WIDTH="96"
                             VPOS="2739"
                             HPOS="2660">tray,</String>
                  </TextLine>
                  <TextLine HEIGHT="60" WIDTH="632" VPOS="2785" HPOS="2090">
                     <String WC="0.46000000834465027"
                             CONTENT="in"
                             HEIGHT="36"
                             WIDTH="35"
                             VPOS="2799"
                             HPOS="2090">in</String>
                     <SP WIDTH="20" VPOS="2809" HPOS="2126"> </SP>
                     <String WC="0.72399997711181641"
                             CONTENT="1837,"
                             HEIGHT="44"
                             WIDTH="97"
                             VPOS="2798"
                             HPOS="2147">1837,</String>
                     <SP WIDTH="18" VPOS="2808" HPOS="2245"> </SP>
                     <String WC="0.84799998998641968"
                             CONTENT="gives"
                             HEIGHT="44"
                             WIDTH="103"
                             VPOS="2796"
                             HPOS="2264">gives</String>
                     <SP WIDTH="15" VPOS="2799" HPOS="2368"> </SP>
                     <String WC="0.89999997615814209"
                             CONTENT="the"
                             HEIGHT="36"
                             WIDTH="62"
                             VPOS="2796"
                             HPOS="2384">the</String>
                     <SP WIDTH="23" VPOS="2796" HPOS="2447"> </SP>
                     <String WC="0.92750000953674316"
                             CONTENT="date"
                             HEIGHT="37"
                             WIDTH="82"
                             VPOS="2794"
                             HPOS="2471">date</String>
                     <SP WIDTH="15" VPOS="2793" HPOS="2554"> </SP>
                     <String WC="1."
                             CONTENT="in"
                             HEIGHT="35"
                             WIDTH="35"
                             VPOS="2793"
                             HPOS="2570">in</String>
                     <SP WIDTH="21" VPOS="2804" HPOS="2606"> </SP>
                     <String WC="0.85000002384185791"
                             CONTENT="1707."
                             HEIGHT="32"
                             WIDTH="94"
                             VPOS="2802"
                             HPOS="2628">1707.</String>
                  </TextLine>
               </TextBlock>
               <TextBlock ID="Page1_Block46"
                          HEIGHT="85"
                          WIDTH="954"
                          VPOS="2731"
                          HPOS="1084"
                          language="en-US">
                  <Shape>
                     <Polygon POINTS="1898,2737 2037,2737 2037,2776 2038,2776 2038,2805 2000,2805 2000,2806 1798,2806 1798,2807 1697,2807 1697,2808 1596,2808 1596,2809 1578,2809 1578,2810 1538,2810 1538,2811 1494,2811 1494,2812 1086,2812 1086,2783 1085,2783 1085,2744 1089,2744 1089,2743 1171,2743 1171,2742 1190,2742 1190,2741 1265,2741 1265,2740 1291,2740 1291,2739 1797,2739 1797,2738 1898,2738 1898,2737"/>
                  </Shape>
                  <TextLine HEIGHT="68" WIDTH="938" VPOS="2739" HPOS="1092">
                     <String WC="0.89200001955032349"
                             CONTENT="pray,"
                             HEIGHT="35"
                             WIDTH="105"
                             VPOS="2768"
                             HPOS="1092">pray,</String>
                     <SP WIDTH="19" VPOS="2757" HPOS="1197"> </SP>
                     <String WC="1."
                             CONTENT="And"
                             HEIGHT="36"
                             WIDTH="82"
                             VPOS="2756"
                             HPOS="1216">And</String>
                     <SP WIDTH="17" VPOS="2756" HPOS="1298"> </SP>
                     <String WC="1."
                             CONTENT="on"
                             HEIGHT="26"
                             WIDTH="46"
                             VPOS="2765"
                             HPOS="1315">on</String>
                     <SP WIDTH="19" VPOS="2751" HPOS="1361"> </SP>
                     <String WC="1."
                             CONTENT="Thy"
                             HEIGHT="47"
                             WIDTH="86"
                             VPOS="2751"
                             HPOS="1380">Thy</String>
                     <SP WIDTH="30" VPOS="2764" HPOS="1466"> </SP>
                     <String WC="0.6600000262260437"
                             CONTENT="-"
                             HEIGHT="7"
                             WIDTH="14"
                             VPOS="2770"
                             HPOS="1496">-</String>
                     <SP WIDTH="31" VPOS="2761" HPOS="1511"> </SP>
                     <String WC="0.90750002861022949"
                             CONTENT="self"
                             HEIGHT="37"
                             WIDTH="69"
                             VPOS="2749"
                             HPOS="1542">self</String>
                     <SP WIDTH="24" VPOS="2750" HPOS="1611"> </SP>
                     <String WC="0.87999999523162842"
                             CONTENT="re"
                             HEIGHT="24"
                             WIDTH="36"
                             VPOS="2760"
                             HPOS="1635">re</String>
                     <SP WIDTH="25" VPOS="2759" HPOS="1671"> </SP>
                     <String WC="0.62999999523162842"
                             CONTENT="-"
                             HEIGHT="7"
                             WIDTH="12"
                             VPOS="2766"
                             HPOS="1696">-</String>
                     <SP WIDTH="23" VPOS="2747" HPOS="1709"> </SP>
                     <String WC="0.80666667222976685"
                             CONTENT="ly;"
                             HEIGHT="44"
                             WIDTH="48"
                             VPOS="2747"
                             HPOS="1732">ly;</String>
                     <SP WIDTH="61" VPOS="2746" HPOS="1780"> </SP>
                     <String WC="0.93444442749023438"
                             CONTENT="As-sured,"
                             HEIGHT="44"
                             WIDTH="189"
                             VPOS="2744"
                             HPOS="1841">As-sured,</String>
                  </TextLine>
               </TextBlock>
               <TextBlock ID="Page1_Block47"
                          HEIGHT="377"
                          WIDTH="3425"
                          VPOS="2699"
                          HPOS="249"
                          language="en-US">
                  <Shape>
                     <Polygon POINTS="2765,2724 2784,2724 2784,2725 2831,2725 2831,2726 2981,2726 2981,2770 2982,2770 2982,2772 3672,2772 3672,2867 3673,2867 3673,2968 3674,2968 3674,3034 3620,3034 3620,3035 3591,3035 3591,3036 3519,3036 3519,3037 3508,3037 3508,3038 3431,3038 3431,3039 3417,3039 3417,3040 3412,3040 3412,3041 3391,3041 3391,3042 3316,3042 3316,3043 3013,3043 3013,3044 2912,3044 2912,3045 1496,3045 1496,3046 990,3046 990,3047 980,3047 980,3048 921,3048 921,3049 889,3049 889,3050 873,3050 873,3051 831,3051 831,3052 791,3052 791,3053 788,3053 788,3054 727,3054 727,3055 687,3055 687,3056 605,3056 605,3057 586,3057 586,3058 485,3058 485,3059 450,3059 450,3060 384,3060 384,3061 343,3061 343,3062 298,3062 298,3063 282,3063 282,3064 268,3064 268,3065 253,3065 253,2990 252,2990 252,2889 251,2889 251,2818 254,2818 254,2817 280,2817 280,2816 289,2816 289,2815 336,2815 336,2814 381,2814 381,2813 450,2813 450,2812 482,2812 482,2811 583,2811 583,2810 596,2810 596,2809 685,2809 685,2808 747,2808 747,2807 786,2807 786,2806 803,2806 803,2805 846,2805 846,2804 887,2804 887,2803 900,2803 900,2802 963,2802 963,2801 988,2801 988,2800 1050,2800 1050,2799 1089,2799 1089,2798 1162,2798 1162,2797 1190,2797 1190,2796 1247,2796 1247,2795 1291,2795 1291,2794 1797,2794 1797,2793 1898,2793 1898,2792 2766,2792 2766,2773 2765,2773 2765,2724"/>
                  </Shape>
                  <TextLine HEIGHT="40" WIDTH="165" VPOS="2732" HPOS="2806">
                     <String WC="0.37999999523162842"
                             CONTENT="I"
                             HEIGHT="36"
                             WIDTH="11"
                             VPOS="2734"
                             HPOS="2806">I</String>
                     <SP WIDTH="61" VPOS="2735" HPOS="2818"> </SP>
                     <String WC="0.67599999904632568"
                             CONTENT="shall"
                             HEIGHT="36"
                             WIDTH="92"
                             VPOS="2734"
                             HPOS="2879">shall</String>
                  </TextLine>
                  <TextLine HEIGHT="127" WIDTH="3293" VPOS="2761" HPOS="348">
                     <String WC="0.96200001239776611"
                             CONTENT="There"
                             HEIGHT="39"
                             WIDTH="116"
                             VPOS="2829"
                             HPOS="348">There</String>
                     <SP WIDTH="16" VPOS="2840" HPOS="465"> </SP>
                     <String WC="0.79333335161209106"
                             CONTENT="are"
                             HEIGHT="26"
                             WIDTH="59"
                             VPOS="2838"
                             HPOS="482">are</String>
                     <SP WIDTH="14" VPOS="2830" HPOS="542"> </SP>
                     <String WC="0.84333330392837524"
                             CONTENT="two"
                             HEIGHT="36"
                             WIDTH="74"
                             VPOS="2828"
                             HPOS="557">two</String>
                     <SP WIDTH="17" VPOS="2836" HPOS="632"> </SP>
                     <String WC="0.83875000476837158"
                             CONTENT="accounts"
                             HEIGHT="37"
                             WIDTH="171"
                             VPOS="2824"
                             HPOS="650">accounts</String>
                     <SP WIDTH="16" VPOS="2832" HPOS="822"> </SP>
                     <String WC="0.95999997854232788"
                             CONTENT="of"
                             HEIGHT="35"
                             WIDTH="36"
                             VPOS="2821"
                             HPOS="839">of</String>
                     <SP WIDTH="14" VPOS="2820" HPOS="876"> </SP>
                     <String WC="0.84333330392837524"
                             CONTENT="the"
                             HEIGHT="36"
                             WIDTH="62"
                             VPOS="2819"
                             HPOS="891">the</String>
                     <SP WIDTH="16" VPOS="2819" HPOS="954"> </SP>
                     <String WC="0.62250000238418579"
                             CONTENT="date"
                             HEIGHT="37"
                             WIDTH="81"
                             VPOS="2817"
                             HPOS="971">date</String>
                     <SP WIDTH="16" VPOS="2828" HPOS="1053"> </SP>
                     <String WC="0.63499999046325684"
                             CONTENT="of"
                             HEIGHT="36"
                             WIDTH="37"
                             VPOS="2816"
                             HPOS="1070">of</String>
                     <SP WIDTH="22" VPOS="2815" HPOS="1108"> </SP>
                     <String WC="0.69499999284744263"
                             CONTENT="this"
                             HEIGHT="38"
                             WIDTH="76"
                             VPOS="2813"
                             HPOS="1131">this</String>
                     <SP WIDTH="11" VPOS="2814" HPOS="1208"> </SP>
                     <String WC="0.93599998950958252"
                             CONTENT="hymn."
                             HEIGHT="44"
                             WIDTH="127"
                             VPOS="2812"
                             HPOS="1220">hymn.</String>
                     <SP WIDTH="51" VPOS="2804" HPOS="1348"> </SP>
                     <String WC="1."
                             CONTENT="The"
                             HEIGHT="40"
                             WIDTH="79"
                             VPOS="2807"
                             HPOS="1400">The</String>
                     <SP WIDTH="16" VPOS="2806" HPOS="1480"> </SP>
                     <String WC="1."
                             CONTENT="“"
                             HEIGHT="18"
                             WIDTH="25"
                             VPOS="2806"
                             HPOS="1497">“</String>
                     <SP WIDTH="13" VPOS="2805" HPOS="1523"> </SP>
                     <String WC="0.8028571605682373"
                             CONTENT="Baptist"
                             HEIGHT="44"
                             WIDTH="142"
                             VPOS="2805"
                             HPOS="1537">Baptist</String>
                     <SP WIDTH="24" VPOS="2803" HPOS="1680"> </SP>
                     <String WC="0.86374998092651367"
                             CONTENT="Hymnal,”"
                             HEIGHT="45"
                             WIDTH="203"
                             VPOS="2801"
                             HPOS="1705">Hymnal,”</String>
                     <SP WIDTH="16" VPOS="2802" HPOS="1909"> </SP>
                     <String WC="0.92142856121063232"
                             CONTENT="printed"
                             HEIGHT="45"
                             WIDTH="140"
                             VPOS="2799"
                             HPOS="1926">printed</String>
                     <SP WIDTH="22" VPOS="2800" HPOS="2067"> </SP>
                     <String WC="0.39500001072883606"
                             CONTENT="in"
                             HEIGHT="36"
                             WIDTH="35"
                             VPOS="2799"
                             HPOS="2090">in</String>
                     <SP WIDTH="20" VPOS="2809" HPOS="2126"> </SP>
                     <String WC="0.67599999904632568"
                             CONTENT="1837,"
                             HEIGHT="44"
                             WIDTH="97"
                             VPOS="2798"
                             HPOS="2147">1837,</String>
                     <SP WIDTH="18" VPOS="2808" HPOS="2245"> </SP>
                     <String WC="0.46200001239776611"
                             CONTENT="gives"
                             HEIGHT="44"
                             WIDTH="103"
                             VPOS="2796"
                             HPOS="2264">gives</String>
                     <SP WIDTH="14" VPOS="2799" HPOS="2368"> </SP>
                     <String WC="0.76999998092651367"
                             CONTENT="the"
                             HEIGHT="36"
                             WIDTH="63"
                             VPOS="2796"
                             HPOS="2383">the</String>
                     <SP WIDTH="23" VPOS="2796" HPOS="2447"> </SP>
                     <String WC="0.88249999284744263"
                             CONTENT="date"
                             HEIGHT="37"
                             WIDTH="82"
                             VPOS="2794"
                             HPOS="2471">date</String>
                     <SP WIDTH="15" VPOS="2793" HPOS="2554"> </SP>
                     <String WC="0.70999997854232788"
                             CONTENT="in"
                             HEIGHT="35"
                             WIDTH="35"
                             VPOS="2793"
                             HPOS="2570">in</String>
                     <SP WIDTH="21" VPOS="2804" HPOS="2606"> </SP>
                     <String WC="0.78600001335144043"
                             CONTENT="1707."
                             HEIGHT="32"
                             WIDTH="94"
                             VPOS="2802"
                             HPOS="2628">1707.</String>
                     <SP WIDTH="50" VPOS="2788" HPOS="2723"> </SP>
                     <String WC="0.75999999046325684"
                             CONTENT="The"
                             HEIGHT="39"
                             WIDTH="78"
                             VPOS="2789"
                             HPOS="2774">The</String>
                     <SP WIDTH="17" VPOS="2789" HPOS="2853"> </SP>
                     <String WC="1."
                             CONTENT="“"
                             HEIGHT="16"
                             WIDTH="23"
                             VPOS="2790"
                             HPOS="2871">“</String>
                     <SP WIDTH="17" VPOS="2789" HPOS="2895"> </SP>
                     <String WC="0.90750002861022949"
                             CONTENT="National"
                             HEIGHT="39"
                             WIDTH="167"
                             VPOS="2788"
                             HPOS="2913">National</String>
                     <SP WIDTH="18" VPOS="2790" HPOS="3081"> </SP>
                     <String WC="0.91250002384185791"
                             CONTENT="Hymn"
                             HEIGHT="46"
                             WIDTH="123"
                             VPOS="2788"
                             HPOS="3100">Hymn</String>
                     <SP WIDTH="18" VPOS="2789" HPOS="3224"> </SP>
                     <String WC="0.61250001192092896"
                             CONTENT="Book"
                             HEIGHT="37"
                             WIDTH="104"
                             VPOS="2788"
                             HPOS="3243">Book</String>
                     <SP WIDTH="15" VPOS="2789" HPOS="3348"> </SP>
                     <String WC="0.62999999523162842"
                             CONTENT="of"
                             HEIGHT="34"
                             WIDTH="37"
                             VPOS="2790"
                             HPOS="3364">of</String>
                     <SP WIDTH="21" VPOS="2787" HPOS="3402"> </SP>
                     <String WC="1."
                             CONTENT="the"
                             HEIGHT="37"
                             WIDTH="63"
                             VPOS="2787"
                             HPOS="3424">the</String>
                     <SP WIDTH="17" VPOS="2788" HPOS="3488"> </SP>
                     <String WC="0.91333335638046265"
                             CONTENT="United"
                             HEIGHT="40"
                             WIDTH="135"
                             VPOS="2785"
                             HPOS="3506">United</String>
                  </TextLine>
                  <TextLine HEIGHT="127" WIDTH="3383" VPOS="2807" HPOS="259">
                     <String WC="0.95833331346511841"
                             CONTENT="States"
                             HEIGHT="41"
                             WIDTH="123"
                             VPOS="2875"
                             HPOS="259">States</String>
                     <SP WIDTH="12" VPOS="2876" HPOS="382"> </SP>
                     <String WC="1."
                             CONTENT="”"
                             HEIGHT="16"
                             WIDTH="25"
                             VPOS="2876"
                             HPOS="394">”</String>
                     <SP WIDTH="18" VPOS="2876" HPOS="419"> </SP>
                     <String WC="0.79000002145767212"
                             CONTENT="of"
                             HEIGHT="34"
                             WIDTH="38"
                             VPOS="2875"
                             HPOS="437">of</String>
                     <SP WIDTH="20" VPOS="2874" HPOS="475"> </SP>
                     <String WC="0.82249999046325684"
                             CONTENT="1893"
                             HEIGHT="43"
                             WIDTH="81"
                             VPOS="2873"
                             HPOS="495">1893</String>
                     <SP WIDTH="19" VPOS="2872" HPOS="576"> </SP>
                     <String WC="0.61599999666213989"
                             CONTENT="fixes"
                             HEIGHT="37"
                             WIDTH="92"
                             VPOS="2869"
                             HPOS="595">fixes</String>
                     <SP WIDTH="11" VPOS="2871" HPOS="687"> </SP>
                     <String WC="0.72000002861022949"
                             CONTENT="the"
                             HEIGHT="35"
                             WIDTH="70"
                             VPOS="2868"
                             HPOS="698">the</String>
                     <SP WIDTH="16" VPOS="2867" HPOS="768"> </SP>
                     <String WC="0.97500002384185791"
                             CONTENT="date"
                             HEIGHT="39"
                             WIDTH="83"
                             VPOS="2864"
                             HPOS="784">date</String>
                     <SP WIDTH="17" VPOS="2876" HPOS="867"> </SP>
                     <String WC="0.86000001430511475"
                             CONTENT="of"
                             HEIGHT="36"
                             WIDTH="37"
                             VPOS="2864"
                             HPOS="884">of</String>
                     <SP WIDTH="16" VPOS="2864" HPOS="921"> </SP>
                     <String WC="0.89727270603179932"
                             CONTENT="composition"
                             HEIGHT="48"
                             WIDTH="237"
                             VPOS="2859"
                             HPOS="937">composition</String>
                     <SP WIDTH="18" VPOS="2858" HPOS="1174"> </SP>
                     <String WC="0.63999998569488525"
                             CONTENT="in"
                             HEIGHT="35"
                             WIDTH="36"
                             VPOS="2858"
                             HPOS="1192">in</String>
                     <SP WIDTH="21" VPOS="2869" HPOS="1228"> </SP>
                     <String WC="0.75199997425079346"
                             CONTENT="1762."
                             HEIGHT="44"
                             WIDTH="95"
                             VPOS="2856"
                             HPOS="1249">1762.</String>
                     <SP WIDTH="53" VPOS="2849" HPOS="1344"> </SP>
                     <String WC="0.5350000262260437"
                             CONTENT="We"
                             HEIGHT="43"
                             WIDTH="70"
                             VPOS="2851"
                             HPOS="1397">We</String>
                     <SP WIDTH="17" VPOS="2865" HPOS="1467"> </SP>
                     <String WC="0.9100000262260437"
                             CONTENT="are"
                             HEIGHT="27"
                             WIDTH="59"
                             VPOS="2862"
                             HPOS="1484">are</String>
                     <SP WIDTH="17" VPOS="2851" HPOS="1543"> </SP>
                     <String WC="0.76749998331069946"
                             CONTENT="inclined"
                             HEIGHT="38"
                             WIDTH="153"
                             VPOS="2848"
                             HPOS="1560">inclined</String>
                     <SP WIDTH="22" VPOS="2848" HPOS="1713"> </SP>
                     <String WC="0.75499999523162842"
                             CONTENT="to"
                             HEIGHT="32"
                             WIDTH="38"
                             VPOS="2851"
                             HPOS="1735">to</String>
                     <SP WIDTH="20" VPOS="2849" HPOS="1773"> </SP>
                     <String WC="0.91571426391601563"
                             CONTENT="believe"
                             HEIGHT="37"
                             WIDTH="138"
                             VPOS="2846"
                             HPOS="1793">believe</String>
                     <SP WIDTH="15" VPOS="2847" HPOS="1931"> </SP>
                     <String WC="0.96666663885116577"
                             CONTENT="the"
                             HEIGHT="37"
                             WIDTH="64"
                             VPOS="2844"
                             HPOS="1946">the</String>
                     <SP WIDTH="24" VPOS="2845" HPOS="2010"> </SP>
                     <String WC="0.89666664600372314"
                             CONTENT="latter"
                             HEIGHT="37"
                             WIDTH="105"
                             VPOS="2844"
                             HPOS="2034">latter</String>
                     <SP WIDTH="23" VPOS="2842" HPOS="2139"> </SP>
                     <String WC="1."
                             CONTENT="date"
                             HEIGHT="38"
                             WIDTH="83"
                             VPOS="2841"
                             HPOS="2162">date</String>
                     <SP WIDTH="17" VPOS="2851" HPOS="2245"> </SP>
                     <String WC="0.69999998807907104"
                             CONTENT="is"
                             HEIGHT="25"
                             WIDTH="30"
                             VPOS="2852"
                             HPOS="2262">is</String>
                     <SP WIDTH="14" VPOS="2843" HPOS="2293"> </SP>
                     <String WC="0.8033333420753479"
                             CONTENT="the"
                             HEIGHT="35"
                             WIDTH="63"
                             VPOS="2841"
                             HPOS="2308">the</String>
                     <SP WIDTH="16" VPOS="2851" HPOS="2372"> </SP>
                     <String WC="0.88857144117355347"
                             CONTENT="correct"
                             HEIGHT="36"
                             WIDTH="133"
                             VPOS="2840"
                             HPOS="2389">correct</String>
                     <SP WIDTH="14" VPOS="2840" HPOS="2523"> </SP>
                     <String WC="0.73250001668930054"
                             CONTENT="one."
                             HEIGHT="26"
                             WIDTH="79"
                             VPOS="2847"
                             HPOS="2538">one.</String>
                     <SP WIDTH="50" VPOS="2836" HPOS="2618"> </SP>
                     <String WC="0.85000002384185791"
                             CONTENT="See"
                             HEIGHT="38"
                             WIDTH="67"
                             VPOS="2835"
                             HPOS="2669">See</String>
                     <SP WIDTH="15" VPOS="2846" HPOS="2737"> </SP>
                     <String WC="0.77499997615814209"
                             CONTENT="also"
                             HEIGHT="40"
                             WIDTH="77"
                             VPOS="2834"
                             HPOS="2753">also</String>
                     <SP WIDTH="55" VPOS="2835" HPOS="2830"> </SP>
                     <String WC="0.33000001311302185"
                             CONTENT="M."
                             HEIGHT="37"
                             WIDTH="50"
                             VPOS="2835"
                             HPOS="2886">M.</String>
                     <SP WIDTH="20" VPOS="2836" HPOS="2937"> </SP>
                     <String WC="0.61500000953674316"
                             CONTENT="E."
                             HEIGHT="34"
                             WIDTH="40"
                             VPOS="2836"
                             HPOS="2958">E.</String>
                     <SP WIDTH="21" VPOS="2834" HPOS="2999"> </SP>
                     <String WC="0.78333336114883423"
                             CONTENT="Church"
                             HEIGHT="37"
                             WIDTH="151"
                             VPOS="2833"
                             HPOS="3021">Church</String>
                     <SP WIDTH="18" VPOS="2834" HPOS="3173"> </SP>
                     <String WC="0.75599998235702515"
                             CONTENT="South"
                             HEIGHT="38"
                             WIDTH="114"
                             VPOS="2833"
                             HPOS="3192">South</String>
                     <SP WIDTH="20" VPOS="2833" HPOS="3307"> </SP>
                     <String WC="0.81000000238418579"
                             CONTENT="Hymnal,”"
                             HEIGHT="51"
                             WIDTH="202"
                             VPOS="2828"
                             HPOS="3328">Hymnal,”</String>
                     <SP WIDTH="19" VPOS="2833" HPOS="3530"> </SP>
                     <String WC="0.8399999737739563"
                             CONTENT="page"
                             HEIGHT="35"
                             WIDTH="93"
                             VPOS="2841"
                             HPOS="3549">page</String>
                  </TextLine>
                  <TextLine HEIGHT="116" WIDTH="3360" VPOS="2865" HPOS="259">
                     <String WC="0.73250001668930054"
                             CONTENT="486,"
                             HEIGHT="46"
                             WIDTH="78"
                             VPOS="2921"
                             HPOS="259">486,</String>
                     <SP WIDTH="17" VPOS="2922" HPOS="338"> </SP>
                     <String WC="0.45500001311302185"
                             CONTENT="in"
                             HEIGHT="35"
                             WIDTH="35"
                             VPOS="2921"
                             HPOS="356">in</String>
                     <SP WIDTH="22" VPOS="2930" HPOS="392"> </SP>
                     <String WC="0.78600001335144043"
                             CONTENT="1889."
                             HEIGHT="43"
                             WIDTH="94"
                             VPOS="2919"
                             HPOS="415">1889.</String>
                     <SP WIDTH="50" VPOS="2916" HPOS="510"> </SP>
                     <String WC="0.86000001430511475"
                             CONTENT="See"
                             HEIGHT="39"
                             WIDTH="68"
                             VPOS="2914"
                             HPOS="561">See</String>
                     <SP WIDTH="16" VPOS="2924" HPOS="630"> </SP>
                     <String WC="0.85000002384185791"
                             CONTENT="sketch"
                             HEIGHT="39"
                             WIDTH="128"
                             VPOS="2911"
                             HPOS="647">sketch</String>
                     <SP WIDTH="17" VPOS="2910" HPOS="776"> </SP>
                     <String WC="0.97000002861022949"
                             CONTENT="of"
                             HEIGHT="35"
                             WIDTH="37"
                             VPOS="2911"
                             HPOS="794">of</String>
                     <SP WIDTH="16" VPOS="2909" HPOS="832"> </SP>
                     <String WC="0.96142858266830444"
                             CONTENT="Charles"
                             HEIGHT="42"
                             WIDTH="159"
                             VPOS="2904"
                             HPOS="849">Charles</String>
                     <SP WIDTH="19" VPOS="2906" HPOS="1009"> </SP>
                     <String WC="0.91142857074737549"
                             CONTENT="Wesley,"
                             HEIGHT="48"
                             WIDTH="163"
                             VPOS="2902"
                             HPOS="1029">Wesley,</String>
                     <SP WIDTH="17" VPOS="2914" HPOS="1193"> </SP>
                     <String WC="0.93999999761581421"
                             CONTENT="under"
                             HEIGHT="37"
                             WIDTH="114"
                             VPOS="2901"
                             HPOS="1211">under</String>
                     <SP WIDTH="13" VPOS="2903" HPOS="1326"> </SP>
                     <String WC="0.76749998331069946"
                             CONTENT="tune"
                             HEIGHT="38"
                             WIDTH="88"
                             VPOS="2902"
                             HPOS="1340">tune</String>
                     <SP WIDTH="16" VPOS="2908" HPOS="1429"> </SP>
                     <String WC="1."
                             CONTENT="of"
                             HEIGHT="36"
                             WIDTH="37"
                             VPOS="2898"
                             HPOS="1446">of</String>
                     <SP WIDTH="17" VPOS="2896" HPOS="1484"> </SP>
                     <String WC="1."
                             CONTENT="“"
                             HEIGHT="15"
                             WIDTH="23"
                             VPOS="2896"
                             HPOS="1502">“</String>
                     <SP WIDTH="16" VPOS="2895" HPOS="1526"> </SP>
                     <String WC="0.9100000262260437"
                             CONTENT="Arnold,”"
                             HEIGHT="44"
                             WIDTH="176"
                             VPOS="2892"
                             HPOS="1543">Arnold,”</String>
                     <SP WIDTH="18" VPOS="2893" HPOS="1720"> </SP>
                     <String WC="0.99250000715255737"
                             CONTENT="page"
                             HEIGHT="34"
                             WIDTH="92"
                             VPOS="2902"
                             HPOS="1739">page</String>
                     <SP WIDTH="16" VPOS="2902" HPOS="1832"> </SP>
                     <String WC="1."
                             CONTENT="274."
                             HEIGHT="33"
                             WIDTH="75"
                             VPOS="2900"
                             HPOS="1849">274.</String>
                     <SP WIDTH="221" VPOS="2914" HPOS="1925"> </SP>
                     <String STYLE="subscript"
                             WC="0.25"
                             CONTENT="o"
                             HEIGHT="13"
                             WIDTH="19"
                             VPOS="2933"
                             HPOS="2147">o</String>
                     <SP WIDTH="279" VPOS="2926" HPOS="2167"> </SP>
                     <String WC="0.55000001192092896"
                             CONTENT="."
                             HEIGHT="14"
                             WIDTH="7"
                             VPOS="2929"
                             HPOS="2447">.</String>
                     <SP WIDTH="63" VPOS="2927" HPOS="2455"> </SP>
                     <String WC="1."
                             CONTENT="•"
                             HEIGHT="6"
                             WIDTH="7"
                             VPOS="2927"
                             HPOS="2519">•</String>
                     <SP WIDTH="50" VPOS="2925" HPOS="2527"> </SP>
                     <String WC="0.81000000238418579"
                             CONTENT="»»"
                             HEIGHT="16"
                             WIDTH="28"
                             VPOS="2925"
                             HPOS="2578">»»</String>
                     <SP WIDTH="103" VPOS="2924" HPOS="2607"> </SP>
                     <String WC="0.54000002145767212"
                             CONTENT=","
                             HEIGHT="15"
                             WIDTH="7"
                             VPOS="2925"
                             HPOS="2711">,</String>
                     <SP WIDTH="235" VPOS="2917" HPOS="2719"> </SP>
                     <String WC="0.33000001311302185"
                             CONTENT="u,™"
                             HEIGHT="26"
                             WIDTH="98"
                             VPOS="2922"
                             HPOS="2955">u,™</String>
                     <SP WIDTH="18" VPOS="2924" HPOS="3054"> </SP>
                     <String WC="0.54000002145767212"
                             CONTENT="»"
                             HEIGHT="16"
                             WIDTH="24"
                             VPOS="2924"
                             HPOS="3073">»</String>
                     <SP WIDTH="16" VPOS="2923" HPOS="3098"> </SP>
                     <String STYLE="subscript"
                             WC="0.43000000715255737"
                             CONTENT="T"
                             HEIGHT="13"
                             WIDTH="13"
                             VPOS="2933"
                             HPOS="3115">T</String>
                     <String WC="0.3449999988079071"
                             CONTENT="o."
                             HEIGHT="18"
                             WIDTH="38"
                             VPOS="2924"
                             HPOS="3135">o.</String>
                     <String STYLE="subscript"
                             WC="0.55000001192092896"
                             CONTENT="T"
                             HEIGHT="14"
                             WIDTH="14"
                             VPOS="2933"
                             HPOS="3182">T</String>
                     <SP WIDTH="32" VPOS="2933" HPOS="3197"> </SP>
                     <String WC="0.34999999403953552"
                             CONTENT="no™"
                             HEIGHT="16"
                             WIDTH="92"
                             VPOS="2931"
                             HPOS="3230">no™</String>
                     <SP WIDTH="131" VPOS="2919" HPOS="3323"> </SP>
                     <String WC="0.76999998092651367"
                             CONTENT="“t"
                             HEIGHT="24"
                             WIDTH="70"
                             VPOS="2918"
                             HPOS="3455">“t</String>
                     <SP WIDTH="85" VPOS="2919" HPOS="3526"> </SP>
                     <String WC="0.40000000596046448"
                             CONTENT="1"
                             HEIGHT="19"
                             WIDTH="7"
                             VPOS="2921"
                             HPOS="3612">1</String>
                  </TextLine>
                  <TextLine HEIGHT="124" WIDTH="3295" VPOS="2894" HPOS="349">
                     <String WC="1."
                             CONTENT="“"
                             HEIGHT="17"
                             WIDTH="24"
                             VPOS="2964"
                             HPOS="349">“</String>
                     <SP WIDTH="14" VPOS="2963" HPOS="374"> </SP>
                     <String WC="0.99374997615814209"
                             CONTENT="Watchman"
                             HEIGHT="43"
                             WIDTH="225"
                             VPOS="2960"
                             HPOS="388">Watchman</String>
                     <SP WIDTH="14" VPOS="2959" HPOS="613"> </SP>
                     <String WC="1."
                             CONTENT="”"
                             HEIGHT="16"
                             WIDTH="23"
                             VPOS="2959"
                             HPOS="627">”</String>
                     <SP WIDTH="19" VPOS="2959" HPOS="651"> </SP>
                     <String WC="0.68000000715255737"
                             CONTENT="was"
                             HEIGHT="27"
                             WIDTH="79"
                             VPOS="2967"
                             HPOS="670">was</String>
                     <SP WIDTH="19" VPOS="2956" HPOS="749"> </SP>
                     <String WC="0.37000000476837158"
                             CONTENT="in"
                             HEIGHT="35"
                             WIDTH="36"
                             VPOS="2955"
                             HPOS="768">in</String>
                     <SP WIDTH="18" VPOS="2964" HPOS="804"> </SP>
                     <String WC="0.76999998092651367"
                             CONTENT="all"
                             HEIGHT="36"
                             WIDTH="46"
                             VPOS="2954"
                             HPOS="822">all</String>
                     <SP WIDTH="25" VPOS="2953" HPOS="868"> </SP>
                     <String WC="0.87250000238418579"
                             CONTENT="editions"
                             HEIGHT="39"
                             WIDTH="153"
                             VPOS="2950"
                             HPOS="893">editions</String>
                     <SP WIDTH="25" VPOS="2961" HPOS="1046"> </SP>
                     <String WC="0.66500002145767212"
                             CONTENT="of"
                             HEIGHT="35"
                             WIDTH="37"
                             VPOS="2950"
                             HPOS="1071">of</String>
                     <SP WIDTH="23" VPOS="2950" HPOS="1108"> </SP>
                     <String WC="0.8399999737739563"
                             CONTENT="the"
                             HEIGHT="36"
                             WIDTH="66"
                             VPOS="2948"
                             HPOS="1131">the</String>
                     <SP WIDTH="16" VPOS="2946" HPOS="1197"> </SP>
                     <String WC="1."
                             CONTENT="“"
                             HEIGHT="17"
                             WIDTH="24"
                             VPOS="2946"
                             HPOS="1214">“</String>
                     <SP WIDTH="12" VPOS="2945" HPOS="1239"> </SP>
                     <String WC="0.96666663885116577"
                             CONTENT="Sacred"
                             HEIGHT="38"
                             WIDTH="132"
                             VPOS="2944"
                             HPOS="1252">Sacred</String>
                     <SP WIDTH="24" VPOS="2939" HPOS="1385"> </SP>
                     <String WC="0.75499999523162842"
                             CONTENT="Harp,”"
                             HEIGHT="48"
                             WIDTH="141"
                             VPOS="2937"
                             HPOS="1410">Harp,”</String>
                     <SP WIDTH="18" VPOS="2940" HPOS="1551"> </SP>
                     <String WC="1."
                             CONTENT="by"
                             HEIGHT="43"
                             WIDTH="51"
                             VPOS="2939"
                             HPOS="1570">by</String>
                     <SP WIDTH="18" VPOS="2938" HPOS="1621"> </SP>
                     <String WC="0.92599999904632568"
                             CONTENT="White"
                             HEIGHT="39"
                             WIDTH="124"
                             VPOS="2937"
                             HPOS="1639">White</String>
                     <SP WIDTH="15" VPOS="2948" HPOS="1764"> </SP>
                     <String WC="0.68000000715255737"
                             CONTENT="and"
                             HEIGHT="36"
                             WIDTH="72"
                             VPOS="2936"
                             HPOS="1780">and</String>
                     <SP WIDTH="25" VPOS="2934" HPOS="1853"> </SP>
                     <String WC="0.74599999189376831"
                             CONTENT="King,"
                             HEIGHT="46"
                             WIDTH="109"
                             VPOS="2933"
                             HPOS="1879">King,</String>
                     <SP WIDTH="16" VPOS="2933" HPOS="1989"> </SP>
                     <String WC="1."
                             CONTENT="from"
                             HEIGHT="35"
                             WIDTH="92"
                             VPOS="2933"
                             HPOS="2006">from</String>
                     <SP WIDTH="28" VPOS="2941" HPOS="2099"> </SP>
                     <String WC="0.88999998569488525"
                             CONTENT="1844"
                             HEIGHT="43"
                             WIDTH="83"
                             VPOS="2931"
                             HPOS="2128">1844</String>
                     <SP WIDTH="21" VPOS="2932" HPOS="2212"> </SP>
                     <String WC="0.79500001668930054"
                             CONTENT="to"
                             HEIGHT="34"
                             WIDTH="37"
                             VPOS="2933"
                             HPOS="2234">to</String>
                     <SP WIDTH="20" VPOS="2942" HPOS="2272"> </SP>
                     <String WC="0.76800000667572021"
                             CONTENT="1869;"
                             HEIGHT="44"
                             WIDTH="102"
                             VPOS="2930"
                             HPOS="2293">1869;</String>
                     <SP WIDTH="27" VPOS="2940" HPOS="2396"> </SP>
                     <String WC="1."
                             CONTENT="also"
                             HEIGHT="35"
                             WIDTH="76"
                             VPOS="2928"
                             HPOS="2424">also</String>
                     <SP WIDTH="16" VPOS="2936" HPOS="2501"> </SP>
                     <String WC="0.69499999284744263"
                             CONTENT="in"
                             HEIGHT="26"
                             WIDTH="35"
                             VPOS="2936"
                             HPOS="2518">in</String>
                     <SP WIDTH="18" VPOS="2926" HPOS="2554"> </SP>
                     <String WC="0.82599997520446777"
                             CONTENT="Mason"
                             HEIGHT="38"
                             WIDTH="131"
                             VPOS="2925"
                             HPOS="2573">Mason</String>
                     <SP WIDTH="18" VPOS="2935" HPOS="2705"> </SP>
                     <String WC="1."
                             CONTENT="s"
                             HEIGHT="25"
                             WIDTH="18"
                             VPOS="2935"
                             HPOS="2724">s</String>
                     <SP WIDTH="55" VPOS="2921" HPOS="2743"> </SP>
                     <String WC="0.99833333492279053"
                             CONTENT="Sacred"
                             HEIGHT="42"
                             WIDTH="129"
                             VPOS="2921"
                             HPOS="2799">Sacred</String>
                     <SP WIDTH="25" VPOS="2923" HPOS="2929"> </SP>
                     <String WC="0.75999999046325684"
                             CONTENT="Harp,"
                             HEIGHT="46"
                             WIDTH="112"
                             VPOS="2922"
                             HPOS="2955">Harp,</String>
                     <SP WIDTH="46" VPOS="2933" HPOS="3068"> </SP>
                     <String WC="0.77799999713897705"
                             CONTENT="1841,"
                             HEIGHT="44"
                             WIDTH="97"
                             VPOS="2923"
                             HPOS="3115">1841,</String>
                     <SP WIDTH="16" VPOS="2933" HPOS="3213"> </SP>
                     <String WC="0.82999998331069946"
                             CONTENT="page"
                             HEIGHT="36"
                             WIDTH="92"
                             VPOS="2931"
                             HPOS="3230">page</String>
                     <SP WIDTH="20" VPOS="2932" HPOS="3323"> </SP>
                     <String WC="0.66750001907348633"
                             CONTENT="137,"
                             HEIGHT="38"
                             WIDTH="81"
                             VPOS="2930"
                             HPOS="3344">137,</String>
                     <SP WIDTH="67" VPOS="2921" HPOS="3426"> </SP>
                     <String WC="0.97833335399627686"
                             CONTENT="Temple"
                             HEIGHT="50"
                             WIDTH="149"
                             VPOS="2917"
                             HPOS="3494">Temple</String>
                  </TextLine>
                  <TextLine HEIGHT="79" WIDTH="1367" VPOS="2977" HPOS="262">
                     <String WC="0.91500002145767212"
                             CONTENT="Harp,”"
                             HEIGHT="51"
                             WIDTH="144"
                             VPOS="3005"
                             HPOS="262">Harp,”</String>
                     <SP WIDTH="16" VPOS="3008" HPOS="407"> </SP>
                     <String WC="1."
                             CONTENT="page"
                             HEIGHT="34"
                             WIDTH="92"
                             VPOS="3017"
                             HPOS="424">page</String>
                     <SP WIDTH="20" VPOS="3016" HPOS="517"> </SP>
                     <String WC="0.69999998807907104"
                             CONTENT="122."
                             HEIGHT="29"
                             WIDTH="74"
                             VPOS="3013"
                             HPOS="538">122.</String>
                     <SP WIDTH="50" VPOS="3002" HPOS="613"> </SP>
                     <String WC="0.70499998331069946"
                             CONTENT="Both"
                             HEIGHT="38"
                             WIDTH="94"
                             VPOS="3000"
                             HPOS="664">Both</String>
                     <SP WIDTH="17" VPOS="3000" HPOS="759"> </SP>
                     <String WC="0.75"
                             CONTENT="of"
                             HEIGHT="36"
                             WIDTH="37"
                             VPOS="2999"
                             HPOS="777">of</String>
                     <SP WIDTH="14" VPOS="2999" HPOS="815"> </SP>
                     <String WC="0.8880000114440918"
                             CONTENT="these"
                             HEIGHT="40"
                             WIDTH="104"
                             VPOS="2996"
                             HPOS="830">these</String>
                     <SP WIDTH="16" VPOS="2996" HPOS="935"> </SP>
                     <String WC="1."
                             CONTENT="books"
                             HEIGHT="39"
                             WIDTH="118"
                             VPOS="2993"
                             HPOS="952">books</String>
                     <SP WIDTH="14" VPOS="3004" HPOS="1071"> </SP>
                     <String WC="0.875"
                             CONTENT="credited"
                             HEIGHT="40"
                             WIDTH="155"
                             VPOS="2991"
                             HPOS="1086">credited</String>
                     <SP WIDTH="14" VPOS="2991" HPOS="1242"> </SP>
                     <String WC="1."
                             CONTENT="the"
                             HEIGHT="37"
                             WIDTH="63"
                             VPOS="2990"
                             HPOS="1257">the</String>
                     <SP WIDTH="15" VPOS="2992" HPOS="1321"> </SP>
                     <String WC="0.90499997138977051"
                             CONTENT="tune"
                             HEIGHT="39"
                             WIDTH="88"
                             VPOS="2991"
                             HPOS="1337">tune</String>
                     <SP WIDTH="13" VPOS="2989" HPOS="1426"> </SP>
                     <String WC="1."
                             CONTENT="to"
                             HEIGHT="34"
                             WIDTH="38"
                             VPOS="2990"
                             HPOS="1440">to</String>
                     <SP WIDTH="17" VPOS="2985" HPOS="1479"> </SP>
                     <String WC="0.875"
                             CONTENT="Leach."
                             HEIGHT="38"
                             WIDTH="132"
                             VPOS="2983"
                             HPOS="1497">Leach.</String>
                  </TextLine>
               </TextBlock>
            </ComposedBlock>
            <GraphicalElement ID="Page1_Block48"
                              HEIGHT="208"
                              WIDTH="18"
                              VPOS="200"
                              HPOS="84"/>
            <GraphicalElement ID="Page1_Block49"
                              HEIGHT="224"
                              WIDTH="10"
                              VPOS="1642"
                              HPOS="123"/>
            <GraphicalElement ID="Page1_Block50"
                              HEIGHT="122"
                              WIDTH="6"
                              VPOS="2133"
                              HPOS="3625"/>
            <Illustration ID="Page1_Block51"
                          HEIGHT="3273"
                          WIDTH="3896"
                          VPOS="103"
                          HPOS="17">
               <Shape>
                  <Polygon POINTS="3196,112 3878,112 3878,135 3879,135 3879,236 3880,236 3880,295 3881,295 3881,338 3882,338 3882,439 3883,439 3883,540 3884,540 3884,641 3885,641 3885,742 3886,742 3886,843 3887,843 3887,944 3888,944 3888,1046 3889,1046 3889,1147 3890,1147 3890,1230 3891,1230 3891,1248 3892,1248 3892,1349 3893,1349 3893,1450 3894,1450 3894,1551 3895,1551 3895,1652 3896,1652 3896,1753 3897,1753 3897,1855 3898,1855 3898,1956 3899,1956 3899,2057 3900,2057 3900,2158 3901,2158 3901,2170 3902,2170 3902,2259 3903,2259 3903,2360 3904,2360 3904,2461 3905,2461 3905,2562 3906,2562 3906,2664 3907,2664 3907,2765 3908,2765 3908,2866 3909,2866 3909,2967 3910,2967 3910,3068 3911,3068 3911,3169 3912,3169 3912,3270 3913,3270 3913,3329 3824,3329 3824,3330 3791,3330 3791,3331 3723,3331 3723,3332 3622,3332 3622,3333 3594,3333 3594,3334 3520,3334 3520,3335 3511,3335 3511,3336 3434,3336 3434,3337 3419,3337 3419,3338 3415,3338 3415,3339 3391,3339 3391,3340 3318,3340 3318,3341 3015,3341 3015,3342 2914,3342 2914,3343 1498,3343 1498,3344 992,3344 992,3345 983,3345 983,3346 924,3346 924,3347 891,3347 891,3348 876,3348 876,3349 834,3349 834,3350 794,3350 794,3351 790,3351 790,3352 730,3352 730,3353 689,3353 689,3354 608,3354 608,3355 588,3355 588,3356 486,3356 486,3357 455,3357 455,3358 385,3358 385,3359 347,3359 347,3360 301,3360 301,3361 284,3361 284,3362 271,3362 271,3363 245,3363 245,3364 217,3364 217,3365 191,3365 191,3366 183,3366 183,3367 163,3367 163,3368 135,3368 135,3369 107,3369 107,3370 82,3370 82,3371 79,3371 79,3372 54,3372 54,3295 53,3295 53,3194 52,3194 52,3154 51,3154 51,3093 50,3093 50,2992 49,2992 49,2890 48,2890 48,2789 47,2789 47,2688 46,2688 46,2587 45,2587 45,2486 44,2486 44,2385 43,2385 43,2284 42,2284 42,2213 41,2213 41,2183 40,2183 40,2081 39,2081 39,1980 38,1980 38,1879 37,1879 37,1778 36,1778 36,1677 35,1677 35,1576 34,1576 34,1475 33,1475 33,1374 32,1374 32,1272 31,1272 31,1271 30,1271 30,1171 29,1171 29,1070 28,1070 28,969 27,969 27,868 26,868 26,767 25,767 25,666 24,666 24,564 23,564 23,463 22,463 22,362 21,362 21,336 20,336 20,261 19,261 19,160 18,160 18,151 61,151 61,150 264,150 264,149 365,149 365,148 466,148 466,147 570,147 570,146 743,146 743,145 769,145 769,144 870,144 870,143 1016,143 1016,142 1039,142 1039,141 1061,141 1061,140 1073,140 1073,139 1092,139 1092,138 1174,138 1174,137 1376,137 1376,136 1398,136 1398,135 1431,135 1431,134 1463,134 1463,133 1477,133 1477,132 1505,132 1505,131 1578,131 1578,130 1615,130 1615,129 1679,129 1679,128 1781,128 1781,127 1882,127 1882,126 1983,126 1983,125 2015,125 2015,124 2084,124 2084,123 2185,123 2185,122 2286,122 2286,121 2387,121 2387,120 2440,120 2440,119 2590,119 2590,118 2647,118 2647,117 2685,117 2685,116 2691,116 2691,115 2994,115 2994,114 3015,114 3015,113 3196,113 3196,112"/>
               </Shape>
            </Illustration>
         </PrintSpace>
      </Page>
   </Layout>
</alto>
