4011 3402
428 421 74 51 86

1593 387 262 62 LITTLE
1891 378 397 68 CHILDREN.
2364 376 66 53 8s
2466 375 54 52 &
2556 385 88 51 ^s.

517 588 86 41 Key
618 583 43 37 of
676 583 34 37 E
725 577 136 52 Major.

1314 531 93 29 “And
1418 531 92 35 Jesus
1522 525 104 32 called
1638 534 20 20 a
1669 525 87 28 little
1768 521 89 30 child
1868 522 81 28 unto
1960 516 80 37 him,
2055 515 65 30 and
2130 517 50 26 set
2191 513 71 29 him
2274 512 35 28 in
2322 511 57 29 the
2391 507 99 31 midst
2502 505 36 31 of
2554 499 275 38 them.”—Matt.
2842 500 53 27 18:
2910 498 27 29 2.

3132 527 41 36 T.
3200 527 57 34 W.
3280 521 186 44 Carter,
3485 517 117 37 about
3617 514 101 36 1844.

766 903 135 51 Come,
919 905 40 36 lit
976 924 15 7 -
1003 903 49 37 tie
1090 896 188 50 chil-dren,
1298 905 83 27 now
1396 903 57 28 we
1471 902 85 35 may
1575 887 170 40 Par-take
1762 897 22 25 a
1845 882 129 40 lit-tie
2002 891 74 26 mor
2103 897 11 7 -
2140 878 65 45 sei,

2337 872 69 38 For
2490 869 40 39 lit
2546 887 13 7 -
2575 868 49 37 tie
2641 875 113 35 songs
2772 862 72 38 and
2860 862 40 35 lit
2918 879 12 8 -
2946 861 48 35 tie
3012 867 104 36 ways
3134 849 184 44 A-dorned
3334 862 22 25 a
3373 850 101 45 great
3491 846 31 37 A
3536 866 13 5 -
3562 854 66 36 pos
3664 862 13 6 -
3707 842 60 37 tie.

3586 1738 19 32 1
3708 1737 22 30 2

808 2082 33 37 A
900 2078 42 39 lit
957 2095 13 10 -
984 2078 50 37 tie
1065 2075 88 45 drop
1168 2074 39 38 of
1269 2070 45 39 Je
1331 2089 12 7 -
1356 2068 79 39 sus’
1453 2066 107 39 blood
1574 2064 88 40 Can
1680 2061 108 39 make
1803 2073 24 24 a
1840 2060 100 37 feast
1954 2058 39 37 of
2007 2067 51 25 un
2070 2074 17 7 -
2098 2054 72 45 ion;
2295 2051 31 37 it
2385 2049 32 37 is
2463 2049 51 44 by
2559 2045 41 40 lit
2623 2063 11 8 ■
2657 2045 51 36 tie
2725 2045 101 41 steps
2842 2050 56 25 we
2916 2047 105 27 move
3040 2036 39 35 in
3098 2053 11 6 -
3119 2035 38 36 to
3219 2043 22 24 a
3278 2029 65 36 full
3360 2020 274 46 com-mun-ion.
3662 2040 14 7 -
3692 2020 65 36 ion,

3598 2134 19 30 1
3722 2133 22 29 2

3603 2451 19 31 1
3724 2449 23 29 2

551 2775 81 43 The
648 2773 136 49 words,
802 2783 42 26 as
861 2768 83 41 well
959 2778 42 28 as
1016 2767 65 37 the
1098 2764 115 40 music
1229 2763 37 36 in
1282 2760 76 39 this
1375 2768 108 37 song,
1500 2768 60 27 are
1577 2753 182 49 supposed
1782 2756 39 34 to
1836 2750 98 37 have
1951 2749 91 38 been

2059 2743 194 47 composed
2270 2743 51 44 by
2338 2741 43 36 T.
2398 2737 64 43 W.
2481 2734 144 43 Carter.
2675 2734 68 39 See
2761 2729 164 42 remarks
2942 2727 113 39 about
3070 2725 75 37 him
3164 2722 113 38 under
3293 2721 88 36 tune
3399 2716 25 18 “
3440 2709 201 53 Ecstasy,”
3661 2719 94 35 page
3776 2706 72 37 106.
