3993 3434
287 439 120 37 ISAAC
429 436 161 43 WATTS,
610 434 97 36 1709.
754 434 86 43 Key
858 432 44 34 of
914 432 34 34 G
965 427 136 49 Major.

1461 344 381 68 PRIMROSE
1881 344 191 56 HILL.
2143 341 63 54 C.
2235 339 83 55 M.

1485 428 101 37 (This
1602 429 105 34 hymn
1724 425 185 36 represents
1927 421 142 37 security
2085 419 66 29 and
2168 415 134 40 purity.)

3503 331 73 55 43

404 709 29 25 i.
462 695 124 41 When
605 696 12 35 I
695 705 65 25 can
800 692 84 36 read
919 701 64 34 my
1019 690 27 37 ti

1138 686 50 38 tie
1226 685 92 39 clear
1351 680 54 43 To
1439 680 203 39 man-sions
1674 679 36 35 in
1770 676 63 39 the
1888 673 116 45 skies,

2208 667 52 37 I’ll
2336 665 61 39 bid
2426 663 175 39 fare-well
2615 665 39 34 to
2686 658 121 48 ev-’ry
2821 659 89 43 fear,
2931 656 83 37 And
3030 655 94 45 wipe
3141 665 64 33 my
3220 654 182 45 weep-ing
3419 661 100 34 eyes,

403 970 33 25 2.
464 956 139 39 Should
620 955 100 37 earth
739 952 160 46 a-gainst
921 961 62 33 my
1000 948 78 37 soul

1141 954 168 38 en-gage,
1332 938 82 45 And
1430 943 64 35 fier
1534 960 11 7 -
1576 951 26 34 y
1663 938 99 37 darts
1794 936 43 37 be
1892 933 140 45 hurled,

2179 928 104 38 Then
2363 927 11 35 I
2413 936 66 25 can
2498 923 103 37 smile
2618 924 38 34 at
2673 917 164 42 Sa-tan’s
2855 929 98 33 rage,
2973 915 82 37 And
3071 914 78 37 face
3166 925 21 25 a
3203 911 198 46 frown-ing
3418 908 127 49 world,

410 1230 30 33 3.
470 1217 65 37 Let
570 1225 114 35 cares,
713 1214 71 35 like
825 1224 20 24 a
907 1210 85 36 wild
1009 1210 55 35 del

1144 1217 83 34 uge,
1245 1214 113 34 come,
1377 1203 67 38 Let
1460 1203 134 36 storms
1611 1200 38 34 of
1681 1209 59 25 sor
1756 1216 13 6 -
1786 1207 76 26 row
1893 1194 77 44 fall,

2211 1187 48 38 So
2368 1187 13 35 I
2434 1185 67 37 but
2516 1182 137 45 safe-ly
2669 1179 104 40 reach
2792 1190 64 34 my
2870 1177 122 45 home,
3014 1177 66 42 My
3097 1173 99 46 God,
3216 1184 63 33 my
3294 1168 137 43 heav’n
3449 1182 65 34 my
3526 1169 60 49 all,

409 1470 32 32 4.
471 1456 117 38 There
621 1456 12 36 1
697 1453 92 37 shall
807 1452 110 36 bathe
934 1461 64 34 my
1013 1459 95 26 wear
1127 1467 10 6 -
1155 1460 25 32 y
1242 1444 78 39 soul

1386 1442 37 38 In
1442 1452 82 27 seas
1593 1440 37 34 of
1670 1436 192 46 heav’n-ly
1893 1438 86 42 rest,

2208 1429 82 36 And
2337 1429 63 35 not
2446 1437 21 24 a
2499 1435 105 26 wave
2621 1423 37 36 of
2671 1418 139 41 trouble
2843 1418 76 44 roll,
2939 1417 31 36 A
2988 1437 13 5 -
3017 1425 100 27 cross
3133 1425 64 34 my
3227 1411 178 48 peace-ful
3423 1409 134 48 breast,

544 1716 53 36 I’ll

687 1714 60 37 bid

806 1713 76 35 fare

907 1730 11 6 -
942 1709 82 37 well

1090 1711 39 33 to

1241 1716 47 26 ev
1327 1723 13 8 -
1379 1703 56 45 ’ry

1501 1701 91 44 fear,

1885 1695 52 36 I’ll

2014 1693 60 36 bid

2118 1689 174 39 fare-well

2353 1689 38 35 to

2481 1695 47 26 ev
2552 1703 11 6 -
2590 1683 55 44 ’ry
2667 1682 91 43 fear,
2782 1678 82 38 And

2932 1677 93 45 wipe
3050 1687 63 32 my
3150 1673 181 47 weep-ing

3377 1683 100 34 eyes.

545 1975 106 37 Then

722 1974 12 35 I

824 1982 66 25 can

938 1969 102 38 smile

1102 1970 38 34 at

1245 1963 49 39 Sa
1327 1983 11 7 -
1369 1961 100 39 tan’s

1502 1970 98 35 rage,

1870 1954 105 38 Then

2040 1953 11 35 I

2134 1961 67 26 can
2219 1947 102 39 smile

2353 1949 38 35 at

2480 1943 50 39 Sa
2554 1963 13 5 -
2583 1942 99 38 tan’s
2700 1951 98 34 rage,
2814 1938 82 38 And

2941 1937 78 37 face
3066 1948 21 24 a
3132 1933 198 46 frown-ing

3369 1932 125 38 world.

549 2235 48 39 So

728 2234 10 35 1

830 2231 65 38 but

962 2230 78 36 safe

1065 2247 12 7 -
1101 2227 39 44 ly

1229 2224 104 38 reach
1382 2234 62 34 my

1488 2221 122 45 home,

1893 2214 49 38 So

2044 2212 12 36 I

2140 2210 67 37 but
2229 2208 78 37 safe
2325 2226 12 7 -

2353 2206 39 45 ly

2459 2203 104 38 reach
2596 2213 63 34 my
2673 2200 122 45 home,
2811 2198 66 46 My

2939 2196 98 45 God,
3056 2206 63 34 my
3134 2193 152 45 heav’n,
3302 2204 63 34 my

3403 2192 59 37 all.

553 2465 81 38 And

698 2467 62 34 not

850 2474 22 25 a

940 2471 106 26 wave

1107 2459 36 34 of

1233 2458 81 36 trou
1346 2474 12 6 -
1390 2454 55 36 ble

1522 2450 76 44 roll,

1883 2444 82 37 And

2028 2445 62 34 not

2158 2451 21 26 a
2224 2448 106 27 wave

2361 2437 37 36 of

2465 2436 81 35 trou
2565 2452 12 7 -
2594 2432 56 37 ble
2689 2429 77 46 roll,
2831 2428 31 36 A
2895 2446 12 8 -

2938 2435 100 28 cross
3056 2436 62 34 my
3141 2434 107 35 peace
3266 2443 13 5 -
3293 2423 54 36 ful

3377 2420 132 40 breast.

228 2535 203 78 RAAi7^n°
435 2549 15 23 r
448 2594 14 14 ?
465 2547 23 34 g
492 2547 7 24 '
505 2547 20 23 n
529 2579 31 28 v
747 2534 47 65 tp
793 2542 19 24 6
834 2530 54 55 hy
889 2538 60 26 mn
967 2537 79 29 was
1051 2554 9 17 ’
1081 2524 24 17 “
1120 2524 48 53 Tt
1167 2535 33 25 16
1218 2522 123 46 Hopes
1359 2522 37 36 of
1415 2519 150 38 Heaven
1583 2517 83 37 Our
1682 2514 160 47 Support
1858 2510 125 40 Under
1999 2509 118 38 Trials
2134 2506 66 39 On
2218 2504 156 40 Earth.”
2424 2503 32 37 It
2469 2509 153 37 appears
2638 2499 37 36 in
2690 2498 65 37 the
2770 2491 167 47 author’s
2954 2494 25 17 “
2995 2493 146 46 Hymns
3158 2491 73 37 and
3247 2489 171 47 Spiritual
3436 2486 167 47 Songs,”

411 2625 117 30 hvmn
553 2624 33 29 i«
609 2620 83 30 hAid
716 2587 38 58 P’
777 2585 89 58 u-\
866 2576 75 35 tw0
933 2600 22 38 ;
973 2583 79 25 was
1080 2581 20 25 °
1102 2580 27 26 n
1133 2580 23 34 g
1159 2567 84 39 inall
1245 2580 26 32 y
1295 2578 12 24 '
1307 2578 51 24 vn
1361 2569 15 34 *
1376 2568 62 35 ten
1437 2610 6 17 1
1451 2610 6 6 .
1502 2563 130 37 hellish
1659 2560 136 39 darts”
1821 2557 141 38 instead
1986 2557 38 35 of
2057 2552 126 46 “fiery
2207 2549 142 39 darts.”
2399 2548 38 36 In
2462 2546 62 39 the
2548 2545 96 36 third
2677 2543 141 43 stanza,
2847 2539 124 45 “may
2997 2538 50 36 I”
3074 2536 141 38 instead
3240 2537 37 34 of
3303 2535 77 37 “so
3407 2534 55 38 I.”
3513 2530 92 41 This

228 2636 116 49 F?°
327 2682 20 18 s
343 2635 48 29 uS
409 2629 93 70 K
517 2634 46 63 J
598 2669 37 27 m
658 2622 64 71 tL
745 2667 17 22 <■
777 2619 91 46 hlgh
881 2663 15 14 z
892 2630 21 24 e
922 2661 23 17 u
950 2628 20 25 e
966 2660 28 22 M
993 2627 35 25 m
1043 2661 7 18 ,
1051 2614 85 38 whe
1132 2660 8 16 ,
1137 2625 17 25 r
1148 2660 7 14 ,
1154 2623 80 27 evei
1232 2624 13 51 ;
1261 2611 65 39 the
1351 2608 130 47 Englls
1472 2609 34 62 ?
1531 2609 60 35 lan
1593 2618 25 32 g
1619 2618 47 25 ua
1667 2617 25 33 S
1693 2617 20 25 e
1736 2614 33 26 is
1792 2601 154 46 spoken.
1996 2601 31 37 It
2049 2600 33 36 is
2104 2596 142 46 applied
2267 2597 39 34 to
2331 2603 113 34 many
2466 2589 167 39 different
2649 2586 173 40 standard
2845 2587 108 38 tunes
2971 2585 36 34 in
3025 2582 63 36 the
3106 2579 208 41 Protestant
3336 2578 135 38 church
3488 2577 116 45 hymn

232 2682 84 58 r°°i
615 2678 19 25 °
653 2712 7 22 1
710 2668 51 58 j-*
764 2675 45 25 un
822 2708 26 18 d
947 2660 52 62 ^
1002 2671 39 24 ar
1042 2661 33 35 ^°
1071 2705 8 14 1
1078 2671 35 25 w
1118 2687 7 15 >
1176 2667 45 27 an
1225 2658 22 34 d
1272 2654 176 47 arranged
1474 2653 49 45 by
1548 2651 65 37 Dr.
1635 2648 133 39 Lowell
1796 2646 142 40 Mason.
1990 2645 29 38 It
2050 2645 31 34 is
2104 2653 69 26 one
2198 2643 37 35 of
2265 2640 63 36 the
2353 2634 173 42 standard
2559 2633 149 44 hymns,
2736 2631 71 36 and
2831 2623 224 51 recoginized
3087 2626 36 36 in
3146 2626 64 36 the
3235 2621 209 46 “National
3479 2621 126 42 Hymn

231 2711 147 50 Book,”
396 2715 72 36 and
492 2714 52 42 by
565 2712 64 37 the
651 2707 146 51 leading
821 2705 209 40 Protestant
1052 2702 178 39 churches
1254 2700 37 37 of
1316 2698 174 39 America.
1542 2696 142 37 Author
1708 2694 38 36 of
1768 2693 64 36 the
1859 2691 113 38 music
1996 2689 31 37 is
2052 2685 202 39 unknown.
2452 2701 11 10 .
2620 2684 186 39 Copyright,
2822 2683 74 33 1909,
2910 2681 44 36 by
2965 2685 28 32 j.
3008 2680 29 29 s.
3049 2681 117 36 James.
