3994 3449
246 520 85 47 Key
354 520 46 41 of
418 522 32 31 a
475 518 137 36 Minor.

1352 363 196 55 VALE
1586 363 94 51 OF
1718 358 340 60 SORROW.
2134 357 64 57 P-
2226 357 84 51 M.

1470 475 18 13 *‘
1498 475 64 27 For
1573 482 50 18 we
1634 481 57 20 are
1702 472 97 28 saved
1811 471 44 35 by
1866 470 246 36 hope.’"—Rom.
2125 469 17 28 8
2153 477 10 20 :
2178 469 45 28 24.

1303 557 21 31 1
1394 556 23 31 2

3471 344 74 61 83

3062 492 208 37 Published
3293 490 42 36 in
3358 489 99 40 1769.

1303 818 21 31 1
1394 818 22 30 2

428 1039 125 42 While
569 1042 37 34 in
622 1041 77 37 this
714 1041 83 35 vale
813 1040 39 35 of
868 1049 137 25 sorrow
1025 1037 10 34 I
1053 1035 122 39 travel
1191 1048 45 23 on
1256 1036 36 35 in
1309 1035 97 44 pain;
1467 1037 15 31 1
1503 1054 28 33 g
1559 1057 17 30 t
1590 1066 37 21 w
1628 1055 22 18 u
1656 1065 43 22 en
1717 1053 11 18 t
1745 1063 101 23 come
1861 1054 17 21 +
1878 1063 21 23 0
1913 1051 58 35 bid
1986 1049 105 38 adieu
2105 1046 55 42 To
2176 1047 107 39 those
2298 1046 13 35 I
2328 1045 125 45 dearly
2468 1046 96 43 love,
2584 1044 67 43 My
2662 1043 105 37 heart
2783 1042 32 37 is
2831 1041 101 38 often
2946 1039 210 39 melted—It
3170 1038 32 35 is
3217 1039 65 34 the
3295 1036 91 46 grief
3403 1037 39 36 of
3456 1035 96 38 love.

429 1086 65 45 My
507 1087 104 36 heart
624 1086 29 35 is
670 1086 153 43 fixed.on
843 1083 124 44 Jesus,
983 1082 10 35 1
1006 1082 93 45 hope
1115 1082 63 36 the
1195 1081 96 43 prize
1304 1083 37 32 to
1355 1079 96 44 gain,
1469 1089 12 29 j

1311 1387 19 30 1
1402 1387 21 29 2

255 1610 92 39 This
364 1607 31 42 is
413 1608 58 39 old
488 1610 101 43 tune,
607 1606 80 39 first
702 1606 193 46 published
910 1605 38 37 in
970 1604 96 45 1769,
1084 1603 69 38 has
1171 1603 90 37 been
1279 1602 141 43 printed
1437 1601 36 35 in
1492 1610 113 35 many
1620 1601 88 36 tune
1726 1598 118 36 books
1862 1597 98 36 since
1977 1595 102 39 then.
2131 1593 79 41 The
2227 1593 116 44 hymn
2363 1593 30 35 is
2411 1592 112 37 taken
2540 1592 92 35 from
2653 1590 162 35 Romans
2832 1587 42 36 8:
2901 1598 53 32 24.

258 1919 88 41 Key
368 1916 47 35 of
433 1917 34 32 A
489 1914 138 36 Minor.

1496 1763 471 64 BRUNSWICK.
2040 1766 65 50 C.
2144 1762 83 54 M.

1286 1873 18 12 “
1315 1870 104 29 Strive
1432 1868 149 34 together
1593 1867 80 29 with
1686 1874 52 21 me
1751 1867 36 26 in
1799 1873 81 27 your
1892 1871 134 30 prayers
2039 1868 33 24 to
2085 1862 228 33 God.”—Rom.
2328 1862 33 26 15
2374 1870 9 19 ;
2398 1862 43 26 30.

2823 1890 133 35 Taken
2979 1889 98 35 from
3103 1887 241 43 Pillsbury,
3376 1886 97 37 1790.

412 2176 55 37 To
484 2175 96 45 thee,
600 2174 38 37 O
672 2172 99 47 God,
836 2183 62 32 my
936 2171 89 36 cries
1065 2180 41 26 as
1132 2189 15 7 -
1171 2168 102 45 cehd;
1379 2166 38 38 O
1436 2165 106 37 haste
1557 2167 38 36 to
1630 2176 62 32 my
1732 2175 35 24 re
1785 2181 13 6 -
1814 2162 73 43 lief,
1968 2159 84 39 And
2069 2159 89 38 with
2221 2169 41 26 ac
2286 2177 14 7 -
2331 2156 201 39 cus-tomed
2571 2156 34 44 pi
2632 2174 12 7 -
2667 2157 42 41 ty
2769 2153 88 36 hear
2937 2151 78 37 The
3033 2151 160 36 ac-cents
3256 2150 37 35 of
3326 2158 63 36 my
3417 2147 103 47 grief.

270 2703 79 39 The
374 2702 117 41 above
515 2703 88 36 tune
620 2709 78 27 was
715 2699 113 38 taken
855 2699 91 34 from
971 2695 215 47 Pillsbury’s
1211 2691 240 47 publications
1477 2691 35 35 in
1535 2700 93 36 1790.
1681 2688 79 38 The
1776 2687 121 37 words
1920 2686 98 37 have
2044 2685 89 37 been
2152 2684 35 35 in
2208 2693 110 34 many
2336 2692 92 34 song
2454 2680 117 37 books
2590 2680 97 35 since
2704 2679 102 37 then.
2857 2675 25 18 “
2897 2672 181 47 Pillsbury
3094 2675 23 17 ”
3137 2674 30 35 is
3185 2671 221 39 understood
3430 2674 38 35 to
3494 2670 43 37 be
3555 2682 23 25 a

182 2749 95 45 large
295 2749 116 47 hymn
430 2747 72 37 and
521 2748 83 36 note
622 2743 110 46 book,
752 2744 71 36 and
841 2743 31 35 is
890 2740 183 45 supposed
1089 2742 37 36 to
1144 2739 96 37 have
1258 2739 90 37 been
1365 2736 144 38 written
1528 2734 49 46 by
1595 2735 67 37 Mr.
1685 2730 194 47 Pillsbury.
1930 2730 68 37 See
2017 2728 139 39 James’
2176 2727 25 17 “
2218 2727 150 45 History
2384 2727 37 35 of
2439 2724 131 38 Sacred
2589 2723 143 44 Harp,”
2751 2732 92 34 page
2862 2731 55 27 22.
