4011 3484
286 529 120 36 Isaac
431 530 159 47 Watts,
617 533 98 36 1709.
762 534 86 44 Key
871 534 42 39 of
936 531 62 47 Bfz.

1483 429 351 59 CUSSETA.
1908 437 63 55 L.
2012 439 85 53 M.
3513 476 76 51 73

1079 504 114 29 Create
1203 504 37 27 in
1250 511 55 23 me
1315 513 21 20 a
1347 506 93 30 clean
1452 508 105 33 heart,
1572 512 26 24 O
1611 510 71 27 God
1693 519 7 25 ;
1718 510 66 28 and
1795 517 111 28 renew
1916 522 20 19 a
1947 513 91 37 right
2048 515 97 36 spirit
2156 515 119 33 within
2286 518 173 35 me.”—Ps.
2473 524 46 28 51:
2536 525 43 28 10.

1928 547 187 46 Psalmist,
2141 553 123 46 hymn
2287 553 74 37 484.
2405 559 113 40 John
2542 561 295 41 Massengale.
2888 562 89 38 Alto
2993 565 51 46 by
3060 568 39 35 S.
3119 570 52 33 M.
3192 571 184 44 Denson,

425 769 29 28 i.
482 758 115 42 Show
612 763 107 45 pit-y,
737 762 105 47 Lord;
863 762 40 42 O
919 765 109 47 Lord,
1045 768 172 46 for-give;
1237 768 68 40 Let
1320 782 23 24 a
1418 775 139 41 re-pent
1571 792 11 7 -
1594 775 62 43 ing
1673 776 61 36 reb
1748 795 13 5 -
1773 776 32 35 el
1851 777 84 40 live:
1956 779 70 36 Are
2051 783 65 34 not
2133 777 87 50 Thy
2237 782 163 42 mer-cies
2416 785 98 46 large
2531 787 73 38 and
2619 789 90 36 free?
2727 790 90 46 May
2833 794 64 37 not
2912 806 23 24 a
2992 795 57 37 sin
3063 815 13 5 -
3090 808 62 24 ner
3166 800 97 36 trust
3276 801 33 34 in
3326 798 101 38 Thee
3437 802 16 34 ?
3468 801 120 40 Thee?

417 1030 33 28 2.
479 1019 66 46 My
561 1022 141 46 crimes,
720 1022 142 47 though
881 1029 115 44 great,
1014 1030 134 36 cannot
1165 1039 150 34 surpass
1336 1029 78 38 The
1431 1043 121 33 power
1564 1034 72 37 and
1650 1035 104 46 glory
1767 1037 37 35 of
1819 1035 85 47 Thy
1916 1048 116 36 grace;
2055 1039 116 39 Great
2188 1040 190 50 God,Thy
2392 1048 127 35 nature
2533 1046 89 38 hath
2640 1059 45 25 no
2698 1049 135 44 bound;
2854 1051 48 39 So
2920 1053 48 38 let
2980 1052 86 47 Thy
3082 1056 198 47 pardoning
3298 1059 81 38 love
3394 1060 43 36 be
3451 1061 127 40 found.

419 1291 30 35 3.
479 1280 31 37 Y
518 1283 36 36 et
566 1292 90 28 save
669 1295 23 25 a
700 1280 195 53 trembling
906 1287 137 46 sinner,
1057 1287 256 48 Lord,Whose
1325 1290 94 46 hope
1431 1291 73 38 still
1517 1293 174 46 hov’ring
1705 1295 114 37 round
1832 1296 87 46 Thy
1931 1298 255 50 word,Would
2198 1302 94 45 light
2301 1314 47 27 on
2361 1315 100 27 some
2471 1309 115 35 sweet
2595 1308 157 45 promise
2764 1307 228 52 there,Some
3002 1325 85 26 sure
3099 1320 148 43 support
3259 1319 148 46 against
3420 1321 156 46 despair.

279 1509 95 37 Prof.
403 1509 97 40 John
528 1510 247 48 Massengale,
801 1517 188 40 sometime
1015 1516 162 40 between
1206 1520 87 42 1840
1317 1519 72 39 and
1418 1522 96 43 1844,
1539 1525 112 35 wrote
1675 1524 63 37 the
1763 1523 145 48 melody
1931 1528 38 36 of
1995 1528 63 37 the
2083 1530 116 38 above
2222 1533 102 45 tune,
2350 1533 72 38 and
2449 1534 193 47 composed
2667 1549 113 33 many
2803 1539 124 40 sacred
2952 1553 114 34 songs
3091 1545 36 35 in
3151 1548 60 34 the
3238 1546 169 41 “Sacred
3433 1549 141 46 Harp”

190 1552 71 37 and
284 1554 104 38 other
411 1554 130 40 books.
592 1557 55 36 He
671 1569 78 26 was
774 1570 21 25 a
822 1556 198 53 Georgian.

277 1598 67 37 See
369 1598 165 41 remarks
559 1602 111 38 about
697 1602 97 38 Isaac
818 1600 126 45 Watts
968 1617 46 25 on
1040 1607 104 38 other
1167 1618 112 35 pages
1305 1610 37 34 of
1366 1610 75 37 this
1467 1610 109 37 book.

1529 1677 450 64 ARLINGTON.
2050 1686 61 50 C.
2150 1688 82 50 M.

333 1733 18 12 “
361 1731 197 32 Whosoever
568 1734 166 29 therefore
745 1736 87 28 shall
844 1736 41 29 be
897 1736 156 30 ashamed
1065 1738 36 28 of
1113 1747 52 20 me
1177 1740 66 28 and
1254 1740 36 28 of
1301 1749 57 27 my
1370 1741 114 36 words,
1524 1763 95 11 ...
1653 1746 35 27 of
1699 1746 70 27 him
1781 1748 69 28 also
1861 1748 87 30 shall
1960 1750 57 28 the
2029 1753 64 26 Son
2106 1751 36 28 of
2153 1761 77 20 man
2242 1755 41 26 be
2294 1753 164 39 ashamed,
2474 1760 96 27 when
2583 1761 42 26 he
2637 1761 128 28 cometh
2779 1766 70 24 into
2862 1765 56 28 the
2931 1765 93 36 glory
3036 1767 35 27 of
3082 1768 51 28 his
3146 1769 120 29 Father
3278 1770 80 29 with
3371 1773 57 27 the

275 1767 123 35 Isaac
421 1767 156 44 Watts,
605 1770 100 34 1720.
758 1771 83 44 Key
863 1771 42 36 of
928 1774 35 32 G
986 1772 136 47 Major.
1627 1778 81 36 holy
1718 1780 294 40 angels.”—mark
2030 1786 36 26 8:
2083 1787 44 26 38.
2947 1801 176 37 Thomas
3143 1807 42 30 A.
3216 1806 134 43 Arne,
3381 1808 98 36 1762.

325 2038 28 25 1.
384 2025 66 40 I’m
513 2030 63 36 not
654 2029 194 39 a-shamed
864 2034 37 35 to
956 2044 83 27 own
1089 2044 62 34 my
1168 2035 94 38 Lord
1304 2037 56 36 Or
1437 2040 37 35 to
1523 2041 164 37 de-fend
1728 2042 67 36 His
1872 2055 119 35 cause;
2013 2045 101 38 Main
2132 2066 12 7 -
2160 2049 76 38 tain
2255 2049 63 38 the
2335 2051 73 36 hon
2422 2072 11 6 -
2451 2064 39 25 or
2573 2057 37 34 of
2643 2054 68 37 His
2727 2058 114 44 word,
2862 2057 79 39 The
2959 2060 58 45 gio
3032 2081 12 5 -
3057 2072 42 33 ry
3160 2065 37 35 of
3267 2065 67 36 His
3366 2078 112 27 cross.

314 2516 32 24 2.
376 2504 43 37 Je
461 2523 11 7 -
506 2515 64 27 sus
632 2517 62 34 my
712 2506 97 39 God!
870 2508 9 35 I
940 2511 113 36 know
1087 2510 67 36 His
1173 2522 121 35 name;
1314 2512 67 38 His
1400 2525 106 26 name
1524 2516 31 35 is
1614 2517 46 36 all
1739 2530 61 32 my
1861 2523 105 42 trust;
2028 2521 73 38 Nor
2148 2525 71 36 will
2248 2526 53 36 He
2319 2529 65 41 put
2423 2539 62 34 my
2532 2530 78 36 soul
2627 2533 37 35 to
2683 2532 140 45 shame,
2845 2535 73 38 Nor
2957 2536 47 38 let
3045 2548 61 33 my
3122 2540 93 44 hope
3270 2540 43 38 be
3390 2544 80 38 lost.

260 2717 66 36 Dr.
351 2717 164 39 Thomas
542 2720 205 47 Augustine
766 2723 96 36 Arne
879 2723 193 46 composed
1091 2723 24 16 “
1131 2726 235 47 Arlington.”
1416 2728 55 36 He
1487 2741 79 24 was
1592 2731 88 36 born
1699 2732 34 35 in
1753 2732 150 37 London
1923 2735 34 35 in
1980 2746 95 35 1710,
2094 2738 70 35 and
2184 2738 169 39 attended
2380 2739 94 39 Eton
2493 2742 144 45 college.
2690 2746 187 45 Although
2897 2746 169 43 intended
3083 2752 55 35 for
3154 2754 63 34 the
3234 2754 92 45 legal
3345 2755 211 48 profession,

172 2758 43 37 he
239 2772 94 34 gave
361 2765 59 35 his
449 2765 118 37 whole
591 2767 87 38 time
702 2771 37 33 to
766 2768 125 36 music.
943 2769 123 39 When
1093 2782 40 32 23
1160 2782 106 35 years
1293 2773 56 36 old
1374 2774 46 36 he
1446 2773 116 45 began
1588 2778 36 34 to
1649 2776 102 38 write
1768 2788 106 34 opera
1898 2781 56 34 for
1978 2780 57 36 his
2054 2781 106 37 sister
2185 2783 185 46 Susanna,
2389 2787 84 36 who
2500 2786 143 40 became
2661 2801 21 24 a
2706 2794 102 41 great
2832 2792 153 38 favorite
3003 2805 134 37 among
3161 2799 62 35 the
3244 2798 152 47 English
3424 2801 130 45 people

173 2802 52 38 He
242 2817 79 27 was
340 2809 166 45 engaged
523 2821 43 26 as
583 2823 22 25 a
621 2821 187 35 composer
825 2814 35 36 in
882 2823 84 37 1759
978 2816 108 36 when
1104 2817 47 35 he
1168 2818 162 38 received
1345 2819 93 37 from
1456 2819 148 39 Oxford
1620 2822 59 36 his
1696 2822 128 44 degree
1840 2825 39 35 of
1896 2824 136 39 Doctor
2048 2827 39 36 of
2104 2827 129 40 Music.
2284 2829 107 39 Later
2408 2833 35 34 in
2461 2833 60 35 life
2537 2835 46 35 he
2599 2835 131 38 turned
2746 2836 59 36 his
2821 2838 177 39 attention
3015 2843 38 34 to
3070 2843 153 36 oratorio
3240 2845 72 36 and
3329 2846 104 39 other
3448 2847 109 35 forms

170 2847 35 37 of
223 2851 122 38 sacred
376 2853 124 38 music.
554 2856 54 36 He
625 2868 79 25 was
720 2858 63 38 the
807 2859 79 37 first
909 2863 37 34 to
972 2861 182 38 introduce
1178 2863 131 38 female
1325 2864 122 38 voices
1465 2866 34 35 in
1525 2867 98 35 choir
1640 2867 159 45 singing.
1851 2869 54 36 He
1931 2870 78 38 died
2035 2872 35 35 in
2093 2875 94 44 1778,
2207 2874 174 46 chanting
2404 2876 230 47 hallelujahs,
2654 2881 27 34 it
2699 2881 29 35 is
2754 2882 92 43 said,
2872 2882 88 38 with
2987 2883 58 39 his
3070 2886 70 37 last
3166 2888 123 39 breath
3356 2891 79 37 The
3459 2896 96 40 tune,

172 2889 271 54 “Arlington,”
465 2900 142 37 derives
634 2901 46 37 its
699 2913 106 27 name
829 2904 91 36 from
939 2916 21 25 a
987 2905 136 38 Boston
1143 2910 123 42 street,
1285 2909 72 35 and
1382 2909 62 36 the
1469 2909 174 39 beautiful
1668 2912 137 38 chimes
1822 2914 37 35 of
1885 2913 191 48 Arlington
2095 2919 110 38 street
2221 2919 133 38 church
2374 2919 220 47 (Unitarian)
2616 2923 99 45 rings
2740 2925 46 37 its
2813 2928 113 36 music
2943 2937 46 27 on
3006 2931 132 43 special
3163 2933 186 39 occasions
3382 2947 42 25 as
3441 2937 29 37 it
3493 2939 64 34 has

169 2936 95 40 since
281 2941 65 38 the
364 2942 92 38 bells
472 2954 95 28 were
583 2946 126 38 tuned.
759 2945 25 19 “
798 2948 191 44 Arlington
1002 2950 24 18 ”
1045 2961 80 25 was
1140 2952 65 37 the
1227 2952 157 39 favorite
1399 2957 89 35 tune
1502 2956 57 34 for
1574 2955 65 37 the
1654 2956 118 37 above
1788 2958 129 43 hymn.
1967 2961 32 36 It
2014 2961 32 35 is
2062 2971 68 27 one
2147 2963 39 36 of
2200 2965 64 35 the
2276 2964 118 38 oldest
2416 2969 108 35 tunes
2542 2969 37 35 in
2594 2968 65 39 the
2677 2968 137 39 United
2836 2969 137 41 States.
3024 2973 30 38 It
3069 2975 70 36 has
3163 2977 90 35 been
3270 2978 124 37 cooied
3411 2982 36 34 in
3465 2985 94 33 most

170 2979 114 43 books
304 2986 99 39 since
425 2988 93 45 1762.
570 2989 68 40 See
657 2986 219 47 “Southern
897 2992 232 50 Harmony,”
1151 2995 98 48 1835,
1267 3009 92 34 page
1376 2999 78 44 285,
1473 2999 50 46 by
1543 2998 173 52 Walker;
1747 3001 23 16 “
1785 3002 170 40 Missouri
1975 3003 231 52 Harmony,”
2229 3008 96 46 1837,
2343 3020 92 37 page
2453 3021 53 35 71,
3314 2996 22 29 P
