4034 3440
261 613 172 38 Samuel
457 608 238 40 StenneTT.
742 605 87 44 Key
850 602 46 36 of
914 601 34 38 E
972 597 140 38 Minor.

1545 449 111 54 MY
1697 443 237 61 HOME.
2005 439 62 60 C.
2106 437 85 61 M.

1428 556 19 13 “
1458 551 106 30 Thine
1577 558 75 29 eyes
1664 549 86 28 shall
1764 545 119 31 behold
1895 546 57 27 the
1964 528 164 58 land.”"—^
2131 546 50 25 SA-
2240 560 7 8 ’

3494 426 60 50 51

3150 555 40 33 C.
3218 552 42 37 F.
3289 553 178 37 LzETSON.

401 883 29 27 i.
457 870 66 39 On

646 863 188 41 Jor-dan’s
850 861 161 51 storm-y
1071 856 122 40 banks
1227 855 13 37 I
1257 852 123 48 stand,
1398 851 84 37 And
1497 851 80 36 cast
1593 859 23 26 a
1675 842 167 42 wish-ful

2178 830 211 46 Ca-naan’s
2404 832 68 35 fair
2490 828 72 38 and
2576 827 139 45 hap-py
2762 822 98 45 land,
2880 819 138 41 Where
3036 829 63 33 my
3115 826 67 35 pos
3207 834 14 7 -
3245 811 182 41 ses-sions
3445 809 57 37 lie.

1932 850 67 37 eye
2062 833 53 46 To

408 1394 32 26 2.
468 1381 38 38 O

657 1377 63 38 the
735 1371 202 50 trans-port
953 1392 13 5 -
991 1371 76 42 ing,
1116 1363 195 50 rap-t’rous
1329 1372 120 36 scene,
1468 1359 99 38 That
1584 1358 89 38 rises
1689 1359 37 34 to
1791 1364 62 35 my

1929 1345 114 54 sight!
2061 1342 124 50 Sweet
2199 1343 105 40 fields
2320 1339 168 48 ar-rayed
2505 1340 38 35 in
2589 1336 150 45 liv-ing
2757 1343 124 36 green,
2901 1330 82 38 And
2999 1329 57 36 riv
3079 1346 13 8 -
3115 1337 59 28 ers

3256 1325 40 36 of
3363 1322 45 37 de
3419 1341 17 7 -
3444 1319 108 48 light.

411 1707 196 33 CHORES.

462 1924 119 40 Don’t
595 1934 74 36 you
684 1921 70 38 feel
770 1918 74 39 like
875 1917 128 48 go-ing

1084 1911 122 45 home,

1285 1908 119 38 Don’t
1419 1916 74 36 you
1507 1904 72 37 feel
1594 1902 74 39 like
1700 1901 128 46 go-ing
1843 1898 120 44 home;
1985 1892 67 48 My
2066 1893 110 41 home
2192 1892 29 36 it
2282 1890 31 35 is

2374 1887 37 38 in
2457 1886 64 38 the
2536 1880 198 51 prom-ised
2750 1879 99 45 land,
2868 1877 83 37 And
2969 1876 12 35 I

3036 1873 70 38 feel
3123 1872 74 37 like
3237 1880 46 34 go
3300 1888 13 7 -
3338 1868 64 44 ing
3418 1866 123 37 home.

476 2436 89 46 Yes,
607 2437 12 34 I
665 2433 70 38 feel
775 2431 73 38 like
888 2428 126 48 go-ing
1098 2423 122 45 home,

1313 2419 89 46 Yes,
1444 2419 12 35 I
1517 2415 68 39 feel
1603 2413 73 39 like
1717 2412 125 47 go-ing
1859 2409 122 43 home;
2002 2405 65 46 My
2083 2404 108 38 home
2209 2404 28 36 it
2299 2402 30 36 is

2392 2400 35 36 in
2475 2397 62 40 the
2554 2392 196 50 prom-ised
2767 2390 98 45 land,
2886 2387 82 39 And
2987 2387 11 36 I

3053 2384 69 38 feel
3140 2384 73 36 like
3252 2392 46 34 go
3316 2399 14 8 -
3354 2379 63 45 ing
3432 2377 121 37 home.

303 2700 144 43 Samuel
475 2696 170 42 Stsnnett
661 2704 78 30 was
763 2703 68 29 one
849 2694 36 34 of
907 2690 64 37 the
989 2692 98 35 most
1109 2682 204 43 influential
1329 2682 74 40 and
1425 2678 132 48 highly
1573 2673 184 49 respected
1783 2664 239 89 ministersjof

213 2744 268 50 distinguished
506 2744 200 38 statesmen
724 2740 37 34 of
784 2738 60 37 his
866 2736 100 38 time.
1018 2731 135 38 Doctor
1169 2732 38 35 of
1232 2728 172 44 Divinity
1421 2736 79 26 was
1525 2721 186 41 bestowed
1735 2729 97 36 upon
1857 2717 77 36 him
1959 2716 50 45 by
2024 2717 65 33 the
2107 2715 187 34 Aberdeen
2322 2711 226 40 university,
2599 2714 54 22 ne
2671 2712 192 33 compos
2981 2712 21 26 p
3289 2708 19 23 y
3365 2706 22 23 6

216 2793 129 38 Beside
360 2790 90 46 this,
467 2790 47 34 he
532 2790 111 34 wrote
660 2784 72 38 and
748 2779 193 48 published
956 2775 216 48 theological
1190 2773 138 38 works.
1379 2771 55 36 He
1451 2770 81 37 died
1549 2770 36 35 in
1605 2764 150 40 London
1774 2764 36 35 in
1832 2772 96 42 1795.
2751 2788 9 10 .
2812 2783 169 39 obtained
2997 2781 110 38 when
3124 2780 47 37 he
3187 2773 194 44 composed
3398 2774 38 37 it.

306 2834 164 48 Nothing
487 2834 31 35 is
535 2832 138 37 known
690 2829 38 36 of
744 2827 50 37 C.
815 2826 42 36 F.
878 2823 150 45 Letson,
1045 2822 64 38 the
1125 2829 131 37 person
1273 2822 38 33 to
1327 2816 125 38 whom
1468 2813 111 37 credit
1596 2813 30 35 is
1643 2809 112 47 given
1772 2819 43 26 as
1831 2807 110 43 being
1956 2805 64 40 the
2037 2800 130 40 author
2184 2800 37 36 of
2237 2798 76 37 this
2330 2798 99 36 tune.
2481 2793 56 40 No
2553 2795 97 35 trace
2666 2799 67 27 can
2754 2794 41 31 be
2812 2793 169 31 obtained
2997 2791 110 30 wnen
3126 2791 45 26 ne
3188 2786 193 38 composeu
