4004 3430
1816 399 346 56 CORINTH.
2237 402 61 49 L.
2339 401 77 50 M.

943 472 18 12 “
972 471 195 27 Whosoever
1178 469 165 29 therefore
1354 468 86 28 shall
1453 467 41 28 be
1506 467 156 27 ashamed
1674 466 34 26 of
1721 474 52 18 me
1785 466 65 26 and
1865 474 60 26 my
1939 466 114 33 words,
2092 484 96 11 ...
2224 467 34 25 of
2270 466 70 26 him
2353 467 69 26 also
2434 467 87 27 shall
2533 468 57 26 the
2602 470 65 25 Son
2680 466 35 28 of
2727 474 77 21 man
2816 467 40 27 be
2868 466 340 32 ashamed.”—Mark
3218 471 18 28 8
3248 479 7 20 :
3272 470 44 28 88.

518 521 103 35 Rev.
643 521 160 41 Joseph
827 519 153 40 Grigg,
1005 516 100 35 1765.
1154 519 84 41 Key
1262 516 44 33 of
1327 516 34 33 G
1385 512 139 47 Major.
3360 519 31 42 j.
3420 520 301 37 messengaee.

3601 564 19 30 i
3726 564 23 30 a

661 760 28 24 1.
719 748 123 43 Jesus,
861 748 71 35 and
951 746 92 37 shall
1058 747 27 36 it
1099 757 84 26 ever
1201 747 57 43 be,
1278 745 31 35 A
1328 743 126 39 mortal
1472 754 84 26 man
1575 742 174 38 ashamed
1763 744 36 34 of
1815 743 84 35 thee
1912 743 14 33 ?
1944 743 186 36 Ashamed
2144 743 36 36 of
2198 743 101 35 Thee
2316 744 121 34 whom
2457 744 125 43 angels
2599 742 278 46 praise,Whose
2895 745 129 44 glories
3042 747 105 35 shine
3164 747 159 44 through
3342 748 144 37 endless
3511 749 103 43 days.
3644 749 120 44 Days.

652 804 32 25 2.
714 793 185 35 Ashamed
916 792 37 35 of
972 791 124 37 Jesus!
1114 791 78 43 just
1208 802 42 24 as
1267 801 91 25 soon
1377 790 67 36 Let
1461 789 196 44 mid-night
1674 789 42 34 be
1734 787 174 36 ashamed
1925 788 38 35 of
1980 798 115 34 noon;
2119 786 78 38 ’Tis
2216 788 180 42 midnight
2412 788 89 36 with
2521 799 62 33 my
2600 789 79 34 soul
2703 789 52 35 till
2775 790 67 42 He,
2863 789 128 45 Bright
3008 792 168 42 morning
3187 794 88 40 star,
3289 792 80 36 bids
3383 793 179 36 darkness
3579 794 79 35 flee.
3686 795 79 35 flee.

659 1035 30 27 3.
718 1022 186 36 Ashamed
921 1022 36 35 of
976 1021 140 41 Je-sus,
1166 1030 131 26 sooner
1313 1020 56 34 far
1388 1018 66 37 Let
1471 1018 156 43 evening
1646 1016 107 37 blush
1774 1020 37 33 to
1829 1027 83 25 own
1952 1028 21 24 a
1990 1020 86 41 star;
2181 1015 54 37 He
2260 1017 111 35 sheds
2387 1017 64 36 the
2468 1017 125 36 beams
2610 1018 37 34 of
2665 1015 92 46 light
2774 1018 121 36 divine
2912 1017 93 37 O’er
3020 1021 78 35 th<s
3114 1020 225 43 be-night-ed
3357 1021 78 36 soul
3468 1022 38 35 of
3522 1022 107 36 mine.
3658 1023 107 36 mine.

3601 1068 19 29 1
3724 1068 21 30 2

656 1263 33 28 4.
718 1250 185 39 Ashamed
916 1251 37 35 of
971 1251 124 38 Jesus,
1109 1249 82 37 that
1204 1249 83 35 dear
1301 1247 129 36 Friend
1445 1246 64 37 On
1521 1247 123 35 whom
1659 1256 62 34 my
1737 1246 113 43 hopes
1864 1247 37 33 of
1913 1245 136 36 heav’n
2064 1245 151 46 depend!
2237 1246 68 43 No,
2320 1246 108 36 when
2445 1246 11 35 I
2474 1245 122 45 blush,
2611 1246 43 36 be
2670 1245 76 37 this
2764 1257 62 33 my
2839 1247 141 44 shame,
2995 1247 99 37 That
3112 1248 11 35 I
3143 1259 45 26 no
3201 1260 96 25 more
3309 1261 121 25 revere
3446 1251 66 35 His
3527 1261 116 26 name.
3672 1262 118 26 name.

3599 1295 145 32 12

522 1514 92 35 This
640 1514 115 41 hymn
774 1522 78 25 was
870 1510 190 44 originally
1076 1509 193 44 composed
1294 1508 49 44 by
1362 1507 137 44 Joseph
1522 1506 119 44 Grigg
1658 1507 108 34 when
1793 1506 45 35 he
1854 1517 79 25 was
1958 1505 65 36 but
2039 1508 61 34 ten
2125 1516 107 34 years
2250 1506 70 36 old.
2372 1507 29 36 It
2418 1507 30 35 is
2465 1517 68 25 one
2550 1517 134 33 among
2708 1506 63 37 the
2795 1507 137 44 hymns
2950 1507 154 37 selected
3128 1509 35 35 in
3181 1509 63 36 the
3263 1508 23 16 “
3301 1509 168 38 National
3496 1510 124 44 Hymn
3648 1510 104 37 Book
3775 1512 39 35 of

436 1559 190 35 American
653 1555 239 39 Churches.”
943 1554 28 37 It
994 1565 152 32 appears
1172 1555 35 33 in
1232 1554 63 35 the
1320 1553 143 42 leading
1492 1553 115 42 hymn
1634 1551 116 36 books
1775 1551 37 34 of
1839 1551 62 34 the
1927 1561 112 24 seven
2065 1550 291 38 denominations
2380 1551 139 36 therein
2545 1550 195 37 described.
2792 1551 80 36 The
2896 1552 150 43 original
3076 1563 105 25 name
3207 1554 36 34 of
3269 1554 63 36 the
3357 1553 115 44 hymn
3498 1555 35 35 in
3558 1555 63 37 the
3646 1554 166 39 author’s

434 1603 219 43 publication
672 1612 79 25 was
770 1600 216 35 “Ashamed
1002 1599 55 36 Of
1075 1597 103 38 Me.”
1229 1597 91 37 This
1338 1598 31 34 is
1386 1608 67 24 one
1471 1597 37 35 of
1531 1597 63 35 the
1612 1596 155 36 favorite
1784 1596 150 42 hymns,
1953 1595 70 35 and
2041 1594 63 36 the
2125 1595 113 36 music
2254 1598 37 33 to
2308 1595 120 35 which
2448 1596 26 36 it
2491 1595 30 36 is
2539 1596 139 43 applied
2703 1596 68 35 has
2789 1606 100 26 some
2907 1597 37 34 of
2967 1597 63 34 the
3048 1599 172 35 sweetest
3236 1599 130 35 chords
3382 1600 114 34 found
3522 1600 34 34 in
3577 1601 95 35 most
3689 1601 124 35 sacred

432 1651 121 33 tunes.
606 1646 136 43 Joseph
764 1645 172 42 Fawcett,
955 1655 67 24 one
1039 1644 37 34 of
1092 1644 63 35 the
1173 1644 159 42 greatest
1349 1644 138 33 orators
1505 1641 71 35 and
1593 1640 115 44 hymn
1726 1640 141 35 writers
1885 1640 38 34 of
1947 1638 166 45 London,
2129 1650 77 25 was
2223 1651 22 24 a
2263 1639 153 44 nephew
2432 1641 37 34 of
2496 1639 136 44 Joseph
2660 1639 130 45 Grigg.
2842 1640 67 37 Mr.
2931 1639 118 45 Grigg
3066 1653 78 24 was
3170 1642 87 34 born
3276 1642 111 37 about
3407 1654 83 31 1720
3508 1643 71 36 and
3604 1644 80 36 died
3713 1644 96 43 1768.

524 1691 92 36 This
633 1693 88 35 tune
739 1691 31 33 is
788 1689 152 36 credited
964 1691 35 33 to
1027 1687 97 36 John
1151 1686 244 44 Messengale.
1447 1685 116 36 There
1580 1685 31 35 is
1629 1695 100 25 some
1754 1684 125 42 doubt,
1898 1683 184 44 however,
2102 1684 111 36 about
2236 1685 58 34 his
2311 1685 145 43 writing
2480 1685 63 36 the
2561 1685 127 42 music,
2706 1688 62 39 yet
2792 1685 46 35 he
2856 1695 85 33 may
2965 1686 95 35 have
3080 1686 220 43 made.some
3325 1688 196 43 important
3536 1689 163 43 changes
3717 1689 35 35 in
3771 1690 38 36 it.

436 1736 30 38 It
482 1747 78 26 was
587 1739 64 33 not
675 1735 35 35 in
729 1735 46 35 its
799 1736 146 41 present
967 1734 92 34 form
1076 1732 109 35 when
1209 1732 80 35 first
1312 1729 204 45 published.
1568 1729 29 36 It
1621 1739 151 33 appears
1797 1729 35 34 in
1855 1729 63 35 the
1936 1729 122 35 earlier
2075 1729 153 36 editions
2253 1729 37 34 of
2316 1726 209 39 “Missouri
2553 1728 230 45 Harmony,”
2803 1729 35 35 in
2868 1730 96 42 1827,
2993 1729 72 36 and
3091 1730 167 37 Mason’s
3285 1729 169 39 “Sacred
3481 1732 141 45 Harp,”
3649 1733 35 35 in
3713 1734 95 42 1841;

433 1782 77 35 also
525 1782 35 34 in
577 1780 23 16 “
617 1779 197 44 Hesperian
831 1776 142 46 Harp,”
992 1777 49 44 by
1060 1775 162 39 William
1241 1776 156 42 Houser,
1416 1776 35 33 in
1469 1774 112 37 about
1601 1775 96 42 1839,
1716 1784 41 24 as
1774 1773 81 35 well
1873 1784 41 24 as
1934 1784 111 32 many
2061 1773 103 36 other
2181 1772 251 45 publications.

1691 1826 621 58 PETERBOROUGH.
2385 1830 60 48 C.
2487 1829 81 50 M.

518 1905 116 41 JOHN
657 1902 196 40 Newton,
878 1900 98 34 1779.
1025 1901 85 41 Key
1132 1898 40 33 of
1195 1901 32 30 A
1251 1896 134 46 Major.
1535 1906 96 28 “The
1644 1904 150 29 effectual
1805 1904 127 28 fervent
1945 1913 118 25 prayer
2074 1904 36 28 of
2121 1913 19 19 a
2152 1905 168 35 righteous
2330 1914 77 18 man
2420 1905 142 28 availeth
2576 1906 127 26 much.”
3051 1899 101 34 REV.
3184 1897 148 37 Raeph
3357 1900 233 35 HARRISON.
3621 1901 97 33 1786.

710 2141 25 21 i.
764 2127 203 36 Approach.
987 2137 62 25 mv
1066 2125 172 38 soul.lthe
1256 2127 227 36 mercv-seat.
1504 2125 136 39 Where
1659 2124 125 36 Je-sus
1802 2135 165 26 answers
1983 2134 139 30 prayer;

2197 2124 117 37 There
2331 2124 154 38 humbly
2500 2124 63 36 fall
2582 2124 119 36 before
2728 2123 67 36 His

2864 2125 86 37 feet.
2969 2124 70 36 For
3056 2136 93 25 none
3215 2137 66 24 can
3298 2137 62 32 per
3384 2146 14 7 -
3421 2128 56 35 ish
3556 2128 113 38 there,
3695 2130 113 36 there.

3603 2174 19 29 1
3725 2175 22 29 2

704 2370 33 24 2.
765 2357 85 45 Thy
866 2357 170 44 prom-ise
1054 2357 30 35 is
1102 2366 63 35 my
1180 2367 47 24 on
1253 2375 11 6 -
1289 2355 38 44 ly
1388 2356 92 42 plea,
1499 2354 104 41 With
1621 2355 75 35 this
1717 2353 10 36 I
1745 2365 71 24 ven
1843 2373 11 6 -
1878 2356 78 34 ture
1998 2354 98 44 nigh;

2194 2353 93 37 Here
2304 2365 46 24 on
2368 2365 63 32 my
2449 2354 105 36 heart
2569 2355 63 35 the.
2650 2354 152 36 bur-den
2851 2354 78 42 lies,
2949 2355 82 35 And
3049 2356 83 42 past
3148 2355 160 37 offences
3325 2355 83 46 pain
3428 2357 95 35 mine
3540 2368 96 35 eyes.
3667 2369 98 33 eyes.

3602 2402 20 31 1
3726 2404 22 29 2

705 2599 29 32 3.
765 2586 135 37 Bowed
916 2586 108 36 down
1043 2584 155 38 beneath
1217 2596 22 24 a
1255 2583 80 38 load
1352 2585 37 34 of
1407 2584 70 43 sin,
1497 2584 58 43 By
1572 2583 129 38 Sa-tan
1742 2594 79 25 sore
1854 2601 11 7 -
1891 2583 37 43 ly
1988 2585 111 42 prest,

2217 2583 56 43 By
2311 2593 77 25 war
2403 2583 172 36 with-out
2591 2583 72 35 and
2680 2584 77 34 fear
2773 2583 142 36 with-in
2974 2583 11 34 1
3028 2593 99 27 come
3233 2587 36 33 to
3286 2584 83 38 thee
3428 2586 57 35 for
3569 2588 84 35 rest.
3682 2589 83 34 rest.

3601 2632 19 29 1
3721 2633 23 29 2

523 2822 68 35 See
608 2818 161 36 remarks
787 2817 111 37 about
916 2816 98 36 John
1034 2815 155 38 Newton
1206 2815 114 37 under
1335 2817 89 33 tune
1443 2812 23 17 “
1481 2814 91 39 New
1591 2811 179 45 Britain,”
1789 2824 92 32 page
1897 2822 54 34 45.

526 2865 90 37 Rev.
639 2862 113 43 Ralph
780 2860 188 44 Harrison,
987 2861 131 36 author
1135 2860 37 35 of
1195 2860 63 36 the
1277 2857 126 44 music,
1421 2869 79 26 was
1526 2858 88 39 born
1633 2859 35 34 in
1690 2868 83 32 1744
1790 2859 71 34 and
1886 2858 80 35 died
1991 2858 35 34 in
2055 2857 94 37 1810.
2201 2856 91 37 This
2317 2857 32 35 is
2366 2868 68 25 one
2451 2857 37 35 of
2512 2856 62 37 the
2591 2856 58 36 old
2675 2857 183 43 melodies,
2877 2857 71 36 and
2972 2868 66 25 can
3057 2857 43 37 be
3117 2858 114 36 found
3255 2859 36 34 in
3310 2868 112 35 many
3438 2862 37 33 of
3498 2862 62 35 the
3578 2870 94 34 song
3697 2865 118 33 books

440 2913 89 35 from
558 2909 97 43 1786,
682 2907 105 35 when
810 2907 28 35 it
861 2916 78 25 was
962 2905 83 36 first
1067 2904 206 44 composed,
1299 2906 38 34 to
1361 2904 62 35 the
1448 2902 147 45 present
1617 2903 98 35 time.
1765 2901 68 36 See
1859 2900 220 38 “Southern
2107 2899 231 46 Harmony,”
2367 2899 209 39 “Missouri
2606 2899 232 45 Harmony,”
2861 2901 71 35 and
2959 2900 168 39 “Sacred
3154 2902 141 44 Harp,”
3322 2903 50 44 by
3397 2903 154 45 Mason;
3582 2904 231 39 “Christian

441 2950 230 48 Harmony,”
691 2951 47 35 bv
756 2951 155 42 Houser,
930 2950 72 35 and
1021 2959 112 33 many
1150 2948 102 37 other
1268 2946 130 39 books.
1451 2947 28 37 It
1496 2948 30 35 is
1544 2944 149 41 claimed
1710 2947 81 36 that
1807 2947 75 35 this
1900 2947 30 34 is
1949 2957 67 25 one
2033 2947 37 34 of
2086 2945 62 38 the
2165 2946 79 35 first
2261 2946 136 43 hymns
2416 2947 37 34 of
2471 2946 193 36 invitation
2681 2946 57 34 for
2754 2945 164 43 penitent
2935 2946 142 36 sinners
3095 2956 84 26 ever
3195 2948 156 37 written.
