4019 3461
1312 413 150 61 THE
1498 417 224 55 CHILD
1760 417 96 54 OF
1890 416 264 59 GRACE.
2230 415 60 54 C.
2320 416 82 53 M.
2434 415 66 57 D.

1126 499 41 26 In
1179 499 109 27 whom
1301 507 49 19 we
1362 499 83 28 have
1457 498 204 35 redemption
1673 499 144 32 through
1830 497 52 28 his
1894 497 106 33 blood,
2015 504 81 19 even
2109 497 56 27 the
2177 496 202 34 forgiveness
2391 496 35 28 of
2438 495 213 33 sins.”—Col.
2666 497 33 28 1:
2718 496 42 30 14.

312 539 196 43 Charles
525 544 188 43 Wesley,
735 538 100 41 1759.
883 544 86 45 Key
992 544 44 38 Of
1053 546 34 33 A
1110 544 142 36 Minor.
2458 541 178 38 Mercer’s
2663 545 23 15 “
2700 541 186 45 Cluster,”
2910 552 97 36 page
3031 542 76 37 246.
3158 544 43 37 E.
3225 545 29 45 J.
3281 548 125 41 King,
3424 547 96 34 1844.

1445 590 19 31 1
1567 589 22 29 2

408 809 18 38 J
445 805 94 37 How
549 805 161 45 happy’s
724 817 112 32 every
846 805 96 37 child
955 807 39 36 of
1008 814 116 38 grace,
1143 806 98 38 Who
1254 807 90 35 feels
1358 807 58 35 his
1431 806 78 36 sins
1522 805 174 44 forgiv’n;
1712 810 14 30 1
1748 805 30 36 A
1796 807 154 42 country
1965 805 57 35 far
2040 805 92 34 from
2152 804 126 37 mortal
2295 804 113 45 sight,
2613 804 79 36 The
2708 804 86 36 land
2811 805 37 36 of
2865 807 86 43 rest,
2969 806 63 35 the
3049 805 130 38 saints’
3199 808 154 44 deiight,

408 847 22 42 1
446 849 90 37 This
555 848 126 47 world,
694 851 46 35 he
758 852 89 34 cries
861 851 30 35 is
906 853 63 35 not
987 859 62 38 my
1066 851 112 43 place,
1196 851 11 35 I
1227 851 89 35 seek
1333 863 21 24 a
1370 851 98 44 place
1487 852 34 33 in
1542 850 153 35 heaven.
1712 854 17 37 J
2238 849 81 41 Yet,
2339 849 60 36 oh!
2420 849 49 45 by
2484 849 92 36 faith
2597 849 12 35 I
2626 860 61 25 see
3067 851 31 36 A
3115 852 142 35 heaven
3276 853 171 44 prepared
3463 854 57 35 for
3537 864 69 25 me.

1441 895 19 30 1
1564 895 22 29 2

415 1329 15 34 f
443 1327 79 44 Oh,
537 1328 103 37 what
650 1339 21 24 a
685 1328 143 36 blessed
845 1329 93 42 hope
955 1328 31 35 is
1004 1337 97 36 ours,
1120 1327 123 39 While
1260 1329 84 34 here
1358 1339 46 24 on
1419 1328 101 36 earth
1534 1337 55 26 we
1604 1329 97 40 stay,
1715 1328 15 34 1
1751 1325 72 39 We
1838 1327 69 34 feel
1923 1327 63 36 the
2003 1326 255 37 ressurrection
2277 1338 97 32 near,
2613 1326 81 36 And
2711 1328 89 35 with
2821 1328 67 36 His
2906 1326 157 44 glorious
3080 1338 170 34 presence
3267 1329 84 35 here

414 1373 15 38 I
443 1372 71 38 We
529 1383 96 25 more
636 1373 90 35 than
738 1375 96 33 taste
844 1373 63 35 the
918 1369 171 51 heav’nly
1100 1383 141 33 powers
1255 1373 82 35 And
1349 1373 168 35 antedate
1529 1372 82 36 that
1622 1372 81 42 day.
1716 1375 15 35 J
2239 1370 83 37 Our
2338 1372 61 35 life
2417 1373 35 34 in
2467 1370 133 38 Christ
2617 1371 200 45 concealed,
3082 1372 82 36 Our
3181 1374 148 35 earthen
3343 1373 143 36 vessels
3498 1374 108 35 filled.

1436 1417 29 34 1
1564 1416 22 29 2

307 1632 91 37 This
416 1633 31 35 is
464 1644 68 25 one
550 1634 37 35 of
603 1632 159 38 Charles
777 1632 187 44 Wesley’s
982 1631 82 41 best
1079 1633 151 53 hymns,
1248 1633 80 37 first
1343 1633 192 43 published
1553 1632 35 34 in
1611 1641 94 34 1759.
1757 1631 29 37 It
1801 1643 79 24 was
1898 1631 208 37 considered
2124 1631 49 44 by
2191 1631 97 36 John
2310 1632 151 43 Wesley
2476 1634 37 34 to
2532 1631 42 36 be
2592 1642 67 25 one
2677 1632 36 35 of
2730 1633 62 35 the
2810 1632 80 37 best
2907 1631 137 45 hymns
3061 1633 58 34 his
3137 1633 144 37 brother
3298 1645 85 24 ever
3399 1634 207 44 composed.

220 1676 68 37 See
305 1678 129 35 sketch
452 1678 38 35 of
507 1677 159 38 Charies
685 1677 153 43 Wesley
854 1678 114 35 under
983 1679 87 35 tune
1090 1675 218 45 ‘‘Arnold,”
1326 1687 93 33 page
1436 1679 77 41 285.
1563 1675 183 37 Sketches
1760 1676 111 36 about
1888 1676 41 35 E.
1952 1676 33 35 J.
2009 1676 96 44 King
2124 1686 131 33 appear
2271 1687 46 24 on
2336 1676 167 37 different
2519 1686 112 33 pages
2648 1677 37 34 of
2701 1677 75 36 this
2794 1677 108 36 book.

1609 1752 460 54 TALBOTTON.
2139 1769 87 47 7s.

524 1835 18 12 “
554 1835 59 29 Let
625 1833 70 26 him
708 1834 108 32 know,
830 1834 73 25 that
914 1833 44 26 he
970 1831 107 31 which
1090 1831 189 30 converteth
1291 1833 58 26 the
1359 1831 115 29 sinner
1484 1830 86 29 from
1582 1832 58 26 the
1652 1839 90 19 error
1753 1830 35 28 of
1799 1831 52 27 his
1863 1840 73 26 way
1947 1831 86 29 shall
2046 1839 74 19 save
2132 1840 19 18 a
2163 1832 71 27 soul
2247 1831 86 27 from
2346 1832 107 32 death,
2468 1831 65 28 and
2545 1832 85 27 shall
2641 1832 76 26 hide
2729 1840 19 19 a
2760 1830 174 30 multitude
2946 1832 35 28 of
2992 1833 207 34 sins.”—Jas.
3212 1836 16 25 5
3242 1844 6 18 :
3266 1835 41 26 20.

307 1879 88 44 Key
414 1879 46 33 of
477 1880 35 33 G
536 1877 134 46 Major.
2432 1876 182 45 “Baptist
2637 1877 240 45 Harmony,”
2900 1888 97 34 page
3023 1879 74 34 141.
3148 1879 42 36 E.
3214 1883 31 40 J.
3274 1882 124 40 King,
3418 1879 96 35 1844.

3369 1926 19 30 1
3491 1926 22 28 2

401 2151 28 25 i.
458 2140 124 36 Hark!
601 2151 63 33 my
680 2141 93 43 soul,
800 2141 27 36 it
888 2140 31 35 is
964 2140 64 36 the
1046 2138 104 46 Lord;
1174 2138 78 36 ’Tis
1280 2140 63 36 the
1361 2138 78 38 Sav
1455 2158 13 9 -
1486 2139 89 44 iour,
1594 2139 87 35 hear
1729 2138 68 37 His
1852 2140 119 35 word!
2023 2137 42 37 Je
2077 2158 13 5 -
2103 2149 65 25 sus
2185 2139 150 42 speaks,
2352 2138 54 36 He
2418 2138 134 45 speaks
2584 2141 37 34 to
2637 2137 126 45 thee,“
2777 2136 179 47 Say,poor
2967 2140 273 44 sin-ner,lovest
3251 2141 90 36 thou
3357 2140 80 36 me?
3463 2140 98 34 me?”

398 2412 32 27 2.
459 2402 107 44 Lord,
607 2402 28 37 it
696 2401 31 36 is
790 2412 63 32 my
868 2401 96 36 chief
976 2399 212 47 com-plaint
1206 2399 98 37 That
1321 2411 63 33 my
1401 2400 81 36 love
1522 2399 32 36 is
1593 2399 108 35 weak
1718 2399 72 36 and
1829 2400 104 43 faint;
2002 2398 69 38 Yet
2126 2399 12 35 I
2185 2399 80 35 love
2301 2399 111 43 Thee,
2432 2398 71 36 and
2581 2399 157 41 a-dore;
2766 2399 78 44 Oh,
2863 2400 56 35 for
2935 2409 104 35 grace
3052 2403 37 33 to
3103 2400 82 36 love
3200 2399 99 38 Thee
3312 2412 96 25 more
3425 2401 7 35 !
3453 2401 117 37 more!

400 2674 31 33 3.
457 2662 124 38 Sweet
594 2662 65 38 the
676 2663 198 34 mo-ments
890 2661 75 35 rich
982 2662 36 35 in
1036 2659 191 45 bless-ing,
1248 2659 135 39 Which
1402 2659 136 37 be-fore
1553 2660 64 35 the
1627 2670 100 24 cross
1747 2658 13 35 I
1777 2659 127 44 spend;
1925 2657 92 45 Life,
2038 2657 73 38 and
2127 2659 139 43 health,
2284 2660 72 35 and
2373 2670 107 33 peace
2490 2659 247 45 pos-ses-sing
2755 2658 108 38 From
2878 2660 63 36 the
2958 2659 174 37 sin-ner’s
3149 2660 128 46 dy-ing
3298 2658 143 40 Friend.
3464 2659 143 41 Friend.

397 2915 34 34 4.
460 2903 130 40 “Mine
607 2904 31 37 is
701 2915 47 25 an
796 2902 271 48 un-chang-ing
1083 2902 95 44 love,
1199 2902 152 44 High-er
1368 2902 90 38 than
1491 2902 63 36 the
1570 2901 149 44 heights
1751 2912 22 25 a
1805 2920 12 7 -
1842 2900 107 44 bove,
1992 2900 178 45 Deep-er
2201 2901 90 36 than
2329 2902 62 35 the
2409 2900 132 44 depths
2559 2901 186 43 be-neath,
2761 2900 86 37 Free
2859 2901 72 37 and
2941 2900 162 47 faithful,
3118 2904 127 43 strong
3262 2911 42 27 as
3321 2901 121 40 death,
3457 2900 152 40 death.”

309 2983 68 39 See
395 2983 129 40 sketch
542 2984 38 36 of
596 2981 164 42 William
776 2981 163 46 Cowper
954 2980 114 41 under
1083 2983 88 36 tune
1190 2980 24 17 “
1230 2978 170 47 Bethel,”
1418 2991 93 34 page
1528 2991 54 33 27.
1633 2977 180 39 Remarks
1830 2978 113 38 about
1961 2977 95 39 Prof.
2079 2977 96 45 King
2193 2990 131 33 appear
2340 2990 47 24 on
2405 2988 92 36 page
2514 2988 65 35 234
2595 2978 72 36 and
2686 2979 105 37 other
2806 2988 126 37 pages.
