4004 3425
500 401 74 50 44

589 478 59 31 Ke
650 486 23 34 y
696 474 45 43 of
760 475 29 35 c
813 472 137 47 Major.

1561 379 149 55 THE
1747 377 449 58 CONVERTED
2235 375 241 54 THIEF.
2552 376 59 50 C.
2654 376 81 50 M.
2778 374 66 52 D.

1301 482 17 13 “
1329 480 73 28 And
1413 481 43 27 he
1467 479 70 28 said
1549 482 79 24 unto
1640 480 102 34 Jesus,
1758 477 91 35 I,ord,
1865 479 181 28 remember
2059 486 51 19 me
2123 479 96 26 when
2232 478 79 27 thou
2323 479 123 25 comest
2458 476 70 28 into
2540 475 60 35 thy
2613 473 328 37 kingdom.”—Vuke
2953 475 32 26 23
2996 484 7 17 :
3023 475 41 27 42.

748 745 28 28 i.
804 734 52 36 As
904 744 45 26 on
1026 733 62 38 the
1104 738 99 35 cross
1242 732 62 36 the
1329 730 170 39 Sav-iour
1515 731 116 43 hung,
1651 730 82 36 And
1750 732 108 41 wept,
1878 730 72 35 and
1968 728 93 44 bled,
2080 729 72 35 and
2169 729 91 42 died;

2384 727 53 36 He
2454 725 134 47 poured
2602 727 54 34 sal
2673 744 10 6 -
2695 737 48 23 va
2769 745 11 6 -
2804 725 76 37 tion
2899 735 45 24 on
3037 735 21 25 a
3075 721 133 38 wretch
3231 722 97 36 That
3345 719 232 46 lan-guished
3594 722 38 34 at
3663 717 58 40 his
3754 719 88 36 side.

744 1004 33 29 2.
806 994 43 36 Je
866 1014 14 5 -
896 1004 78 35 sus,
1002 993 106 36 Thou
1127 988 73 43 Son
1233 992 71 35 and
1321 993 76 34 heir

1458 992 36 35 of
1511 990 153 36 heav’n?
1681 989 106 36 Thou
1806 989 171 44 spot-less
1995 988 114 37 Lamb
2128 988 37 35 of
2183 986 97 38 God!

2452 998 59 25 see
2560 985 100 36 Thee
2678 985 133 36 bathed
2830 985 34 34 in
2883 986 116 34 sweat
3015 980 72 40 and
3104 985 109 40 tears,
3234 981 81 36 And
3330 980 197 44 wel-t’ring
3560 980 35 35 in
3630 979 85 44 Thy
3732 978 117 37 blood.

748 1266 30 33 3.
807 1255 31 34 A
856 1273 11 6 -
886 1254 72 36 mid

1030 1254 62 36 the
1126 1253 57 44 gio
1209 1270 11 6 -
1238 1252 68 34 ries
1339 1252 36 34 of
1435 1251 82 36 that
1533 1249 228 45 world,Dear
1772 1248 168 45 Saviour,
1953 1249 109 37 think
2080 1259 45 24 on
2189 1259 69 32 me,

2366 1247 82 35 And
2465 1247 35 34 in

2580 1245 62 37 the
2682 1245 58 35 vic
2755 1264 11 6 -
2779 1244 109 37 tories
2914 1244 37 35 of
3014 1241 87 45 Thy
3117 1241 108 37 death
3242 1240 67 37 Let
3328 1251 54 25 me
3459 1251 21 23 a
3528 1238 86 36 shar
3638 1257 13 5 -
3676 1248 36 26 er
3774 1238 54 36 be.

2256 1766 104 38 Then
2378 1766 129 36 turned
2524 1766 58 36 his
2600 1765 49 43 dy
2681 1784 13 5 -
2734 1765 61 42 ing
2821 1773 86 32 eyes
2953 1765 36 33 to
3016 1759 144 45 Christ,
3181 1760 82 35 And
3279 1758 88 38 thus
3385 1759 58 35 his
3461 1768 128 33 prayer
3607 1756 224 38 ad-dressed.

660 1774 67 41 His
743 1776 141 44 crimes,
902 1775 88 37 with
1010 1775 35 34 in
1072 1792 11 6 -
1100 1773 100 37 ward
1217 1772 90 43 grief
1324 1772 71 35 and
1413 1771 140 44 shame,
1574 1771 78 35 The
1669 1780 68 34 pen
1772 1788 11 6 -
1816 1770 8 34 i
1859 1788 11 6 -
1909 1772 78 33 tent
2003 1769 219 43 con-fessed,

662 2034 69 40 Yet
748 2036 108 44 quick
888 2055 11 6 -
924 2035 144 44 lyfrom
1094 2034 103 35 these
1215 2043 126 24 scenes
1359 2032 37 35 of
1428 2041 78 26 woe
1571 2031 37 34 In

1686 2032 43 35 tri
1749 2049 14 6 -
1782 2030 111 42 umph
1911 2030 89 36 thou
2020 2028 97 36 shalt
2134 2029 81 42 rise,

2259 2026 110 38 Burst
2387 2025 157 45 through
2564 2024 61 38 the
2643 2025 164 45 gloom-y
2824 2023 135 35 shades
2976 2023 37 34 of
3030 2020 122 44 death,
3173 2019 82 36 And
3273 2018 104 37 shine
3395 2018 131 35 a-bove
3573 2017 62 37 the
3653 2016 113 36 skies.

661 2297 68 37 His
745 2307 129 33 prayer
911 2296 63 36 the
1007 2294 48 43 dy
1087 2314 13 5 -
1125 2294 61 43 ing
1221 2291 42 36 Je
1296 2314 13 5 -
1333 2303 64 25 sus
1415 2292 120 44 hears,
1556 2291 82 35 And
1678 2292 34 34 in
1732 2309 10 7 -
1761 2292 101 34 stant
1894 2308 12 6 -
1930 2289 38 43 ly

2030 2288 153 43 re-plies,

2280 2285 53 38 To
2352 2305 12 7 -
2381 2286 72 44 day
2499 2285 68 45 thy
2584 2286 80 44 part
2688 2303 11 7 -
2725 2286 61 42 ing
2804 2283 79 37 soul
2916 2282 92 35 shall
3027 2282 42 35 be
3119 2280 101 38 With
3242 2292 55 24 me
3376 2279 34 34 in
3474 2289 63 32 par
3561 2297 13 6 -
3607 2288 22 25 a
3642 2295 12 5 -
3673 2277 88 34 dise.

597 2558 79 38 The
693 2558 120 37 words
831 2559 37 34 of
884 2557 63 37 the
964 2556 116 36 above
1097 2556 114 43 hymn
1230 2565 78 24 was
1325 2555 111 35 taken
1454 2553 90 36 from
1567 2553 168 36 Mercer’s
1754 2549 25 19 “
1792 2550 193 44 Cluster,”
2005 2561 91 33 page
2116 2560 52 33 31,
2187 2545 191 51 published
2404 2548 34 35 in
2461 2547 82 36 1828
2567 2546 50 44 by
2636 2545 88 36 Rev.
2747 2544 105 38 Jesse
2871 2543 148 43 Mercer,
3037 2543 85 35 who
3139 2552 78 25 was
3234 2553 22 24 a
3273 2538 199 46 Georgian,
3492 2539 71 35 and
3590 2536 93 38 lived
3709 2536 71 36 and
3805 2535 78 36 died

506 2607 38 35 at
569 2601 211 45 Powellton,
799 2602 72 36 Ga.
923 2601 91 37 This
1031 2611 78 25 was
1134 2601 61 35 the
1220 2599 95 36 third
1341 2598 140 35 revised
1506 2597 132 36 edition
1664 2598 37 34 of
1725 2596 58 37 his
1809 2596 107 35 book.
1969 2595 48 36 Its
2034 2595 76 35 title
2127 2604 80 27 was
2227 2593 24 17 “
2266 2591 86 40 Free
2375 2590 119 37 Grace
2520 2586 200 50 Displayed
2745 2600 45 25 on
2816 2589 62 35 the
2896 2588 130 35 Cross.
3108 2587 30 35 It
3155 2596 30 25 is
3203 2587 77 34 also
3299 2595 34 25 in
3354 2584 113 43 Lloyd
3485 2593 18 25 s
3528 2579 238 48 (Greenville,
3785 2578 96 44 Ala.)

506 2650 115 35 hvmn
640 2646 109 43 book,
768 2657 91 31 page
876 2658 32 30 4.
961 2645 70 38 We
1049 2646 95 34 have
1163 2646 62 35 not
1243 2643 88 35 been
1350 2643 78 35 able
1445 2645 37 33 to
1500 2642 123 36 obtain
1641 2642 62 36 the
1718 2651 105 26 name
1841 2641 37 35 of
1893 2641 62 35 the
1973 2639 130 36 author
2120 2640 37 34 of
2173 2639 62 35 the
2252 2634 132 43 words.
3357 2674 7 6 .
3414 2671 22 4 ..

597 2692 80 38 The
695 2691 114 38 music
824 2694 37 33 to
879 2690 62 38 the
958 2690 116 35 above
1090 2692 88 34 tune
1195 2688 30 37 is
1243 2688 37 35 of
1304 2688 84 42 long
1414 2687 185 44 standing,
1619 2686 65 36 but
1701 2695 93 27 none
1812 2686 36 34 of
1871 2685 63 35 the
1959 2684 116 36 books
2092 2694 56 25 we
2165 2683 96 35 have
2278 2678 187 42 consulted
2491 2680 83 47 give
2597 2679 63 38 the
2678 2689 105 28 name
2800 2678 37 37 of
2860 2678 62 37 the
2940 2677 141 38 author.
3135 2676 28 36 It
3187 2684 150 36 appears
3357 2683 34 26 in
3450 2670 181 39 Southern
3652 2668 201 47 Harmony,

507 2739 50 44 by
576 2736 161 45 William
758 2736 166 42 Walker,
947 2737 96 41 1835,
1062 2744 91 34 page
1176 2740 30 36 5,
1224 2732 73 36 and
1314 2732 36 34 in
1366 2735 88 34 tune
1472 2731 118 36 books
1606 2732 38 39 of
1660 2742 46 24 an
1724 2729 123 42 earlier
1865 2730 81 36 date
1963 2729 89 37 than
2070 2727 87 41 this,
