3981 3424
413 346 76 72 66

500 433 84 45 Key
607 437 45 32 of
670 439 32 32 A
726 435 136 47 Major.

1749 357 429 56 KINGWOOD.
2250 359 53 58 8,
2344 359 54 58 8,
2435 375 55 48 7.

3299 446 284 43 Humphreys,
3612 445 100 37 1830.

537 955 173 46 days,my
726 958 206 44 weeks,my
949 957 230 45 months,my
1194 951 193 61 years,Fly
1403 958 100 45 rapid
1520 969 42 25 as
1577 959 65 36 the
1659 958 170 45 whirling
1843 958 240 46 spheres,Fly
2093 959 101 44 rapid
2207 971 42 24 as
2262 960 63 36 the
2336 958 169 47 whirling
2524 960 164 44 spheres,
2693 961 149 36 Around
2859 962 63 35 the
2939 963 131 44 steady
3079 964 91 44 pole;
3177 963 118 48 Time,
3313 966 72 36 like
3401 966 63 36 the
3480 965 88 45 tide,
3586 966 47 36 its
3648 967 136 37 motion

629 2016 126 44 keeps,
776 2018 83 35 And
879 2017 11 35 I
909 2020 99 35 must
1024 2018 130 37 launch
1173 2019 94 36 thro’
1287 2017 144 41 endless
1449 2019 140 46 deeps,I
1602 2024 99 33 must
1712 2020 130 36 launch
1855 2021 92 36 thro’
1966 2022 144 35 endless
2125 2020 123 45 deeps,
2263 2022 136 38 Where
2416 2021 145 38 endless
2579 2034 21 24 a
2625 2041 12 6 -
2662 2034 64 33 ges
2745 2025 74 35 roll.

2935 1648 33 26 2.
2997 1639 79 37 The
3093 1651 112 34 grave
3222 1641 31 36 is
3271 1652 87 26 near
3372 1643 63 36 the
3451 1641 116 39 cradle
3584 1655 100 34 seen,

2997 1706 94 37 How
3108 1707 101 37 swift
3225 1708 62 37 the
3305 1712 180 34 moments
3502 1719 87 37 pass
3607 1712 181 44 between,

3041 1775 81 35 And
3139 1774 160 47 whisper
3315 1788 41 24 as
3373 1778 90 42 they
3478 1777 66 45 fly,

2996 1838 237 48 Unthinking
3252 1852 97 35 man,
3368 1843 198 38 remember
3580 1845 90 43 this,

2997 1906 157 46 Though
3172 1908 88 37 fond
3278 1910 37 35 of
3332 1909 201 46 sublunary
3550 1910 103 45 bliss,

3041 1974 98 37 That
3155 1985 73 34 you
3247 1979 99 34 must
3362 1989 110 32 groan
3491 1976 71 39 and
3580 1978 67 36 die.

2938 2085 30 35 3.
2997 2075 66 44 My
3080 2076 94 43 soul,
3193 2076 125 37 attend
3334 2078 62 35 the
3414 2077 138 38 solemn
3570 2078 80 45 call,

2996 2142 119 37 Thine
3132 2142 143 45 earthly
3290 2147 80 34 tent
3386 2147 99 35 must
3500 2144 143 46 shortly
3657 2146 79 44 fall,

3043 2209 81 37 And
3139 2210 91 36 thou
3249 2213 100 35 must
3370 2213 88 35 take
3473 2211 70 45 thy
3558 2212 109 44 flight

2998 2274 151 47 Beyond
3166 2277 62 37 the
3246 2281 86 33 vast
3352 2278 200 45 expansive
3570 2279 95 44 blue,

2999 2342 53 37 To
3070 2344 82 44 sing
3170 2343 131 46 above,
3319 2356 41 24 as
3377 2345 143 45 an-gels
3537 2345 60 45 do,

3042 2409 58 38 Or
3115 2410 84 45 sing
3216 2410 36 35 in
3270 2410 145 37 endless
3433 2412 117 45 night.

495 2536 80 37 The
591 2538 118 36 above
725 2538 117 44 hymn
859 2550 153 33 appears
1030 2541 34 34 in
1084 2539 24 18 “
1123 2540 90 37 Z:on
1232 2540 219 45 Songster.”
1501 2541 140 39 Second
1658 2544 72 35 and
1746 2543 97 37 third
1868 2553 126 26 verses
2011 2553 60 26 are
2088 2545 65 35 not
2168 2543 38 34 of
2228 2542 65 37 the
2310 2553 101 24 same
2428 2543 131 45 hymn,
2576 2544 72 34 and
2667 2546 99 34 must
2781 2544 98 36 have

406 2590 150 48 original
575 2594 115 43 hymn
709 2595 68 36 has
794 2597 61 35 ten
874 2605 138 27 verses.
1065 2595 78 37 The
1162 2597 165 36 author’s
1348 2609 105 25 name
1472 2598 34 36 in
1525 2598 75 36 this
1619 2599 95 35 book
1733 2600 30 34 is
1782 2601 62 35 not
1862 2599 130 37 stated.

497 2647 23 18 “
536 2648 203 46 Kingwood
753 2650 38 19 ’”
811 2651 31 35 is
860 2662 68 25 one
945 2652 38 36 of
999 2653 62 35 the
1079 2652 57 37 old
1155 2653 169 36 melodies
1342 2653 191 43 published
1553 2654 48 45 by
1621 2655 160 38 William
1804 2652 154 41 Walker
1976 2655 35 35 in
2031 2653 25 17 “
2069 2653 182 40 Southern
2271 2652 232 48 Harmony,”
2522 2655 36 34 in
2580 2656 97 43 1835,
2695 2666 92 34 page
2803 2657 55 43 98.

406 2704 69 37 Mr.
497 2705 248 46 Humphreys,
763 2706 64 37 the
844 2707 132 36 author
992 2708 38 35 of
1041 2708 64 37 the
1122 2707 129 45 music,
1269 2709 36 35 in
1324 2708 25 17 “
1362 2706 182 41 Southern
1564 2709 233 46 Harmony.”

2903 2544 90 38 been
3010 2544 114 39 taken
3139 2546 95 35 from
3250 2546 155 36 another
3428 2546 115 45 hymn
3561 2546 110 38 book.
3722 2548 80 36 The

2909 2653 71 41 We
2997 2666 66 28 can
3081 2657 75 37 find
3182 2668 46 26 no
3254 2658 85 37 data
3357 2669 64 25 nor
3437 2658 232 39 information
3687 2659 112 39 about
