4034 3440
532 441 35 48 5
570 441 39 39 o
1824 432 533 66 CONSOLATION.
2432 442 63 53 C.
2533 443 84 53 M.

1310 510 17 13 “
1340 510 88 28 Hear
1439 519 62 26 me,
1517 511 26 27 O
1556 511 93 35 Lord,
1665 510 97 34 when
1774 516 16 25 I
1803 522 56 28 cry
1871 515 80 27 with
1963 523 57 28 my
2031 516 89 29 voice
2132 526 7 19 :
2156 518 84 27 have
2251 525 110 31 mercy
2374 519 70 31 also
2456 527 89 28 upon
2558 529 60 25 me,
2634 522 65 27 and
2712 531 128 21 answer
2853 527 177 29 me.”—Ps.
3044 527 34 29 27
3089 537 7 18 :
3114 528 26 29 7.

617 552 122 38 Isaac
765 553 159 43 Watts,
952 552 97 37 1707.
1097 555 86 43 Key
1206 555 40 35 of
1268 557 33 32 A
1325 555 137 35 Minor.

3693 582 133 37 Dejan.

3708 627 18 30 1
3829 629 22 29 2

734 792 28 25 1.
790 780 105 40 Once
913 793 109 33 more,
1043 793 62 34 my
1121 784 93 44 soul,
1230 785 65 37 the
1312 785 48 36 ris
1386 806 15 7 -
1425 787 62 44 ing
1549 788 73 43 day
1639 786 161 42 Sa-lutes
1816 791 69 44 thy
1901 791 169 47 wak-ing
2110 804 97 35 eyes;

725 836 33 26 2.
787 825 116 47 Night
918 829 104 35 un-to
1039 827 107 46 night
1163 828 67 37 His
1278 840 105 28 name
1423 842 36 26 re
1476 851 14 6 -
1506 834 117 42 peats,
1644 831 78 40 The
1740 834 72 44 day
1829 845 155 27 re-news
2001 837 63 37 the
2103 838 132 46 sound,

2302 793 106 44 Once
2442 806 109 36 more,
2586 808 62 33 my
2686 799 115 45 voice,
2818 801 70 44 thy
2903 801 70 37 trib
2991 822 11 6 -
3021 806 60 33 ute
3106 813 72 36 pay
3213 804 53 38 To
3282 806 83 37 Him
3381 807 81 38 that
3479 809 94 35 rules
3590 810 62 35 the
3670 809 114 38 skies.

2300 836 107 47 Wide
2469 852 41 26 as
2587 843 63 36 the
2666 843 137 38 heav’n
2821 855 47 26 on
2884 846 120 38 which
3025 848 55 35 He
3103 848 81 45 sits,
3206 847 53 40 To
3276 852 84 36 turn
3385 852 62 36 the
3487 862 169 28 sea-sons
3673 855 128 38 round.

3694 899 21 30 1
3816 902 24 29 2

724 1097 31 33 3.
785 1086 78 37 ’Tis
881 1086 56 37 He
954 1090 186 42 sup-ports
1157 1099 62 33 my
1281 1101 77 25 mor
1380 1111 14 5 -
1417 1091 50 38 tai
1483 1092 128 44 frame,
1631 1092 67 47 My
1713 1096 137 42 tongue
1867 1095 94 37 shall
1979 1096 116 45 speak
2110 1097 68 37 His
2191 1099 128 43 praise;
2343 1099 65 45 My
2453 1101 79 37 sins
2566 1103 120 36 would
2704 1115 106 26 rouse
2826 1105 66 36 His
2906 1106 117 39 wrath
3035 1111 38 33 to
3089 1108 121 43 flame,
3230 1107 82 40 And
3330 1114 62 40 yet
3407 1111 66 37 His
3487 1113 117 36 wrath
3620 1114 153 44 de-lays.

720 1141 33 33 4.
781 1130 64 38 On
878 1141 22 26 a
945 1143 87 32 poor
1048 1142 112 27 worm
1176 1132 86 47 Thy
1275 1134 114 45 pow’r
1401 1135 117 45 might
1530 1137 91 43 tred,
1640 1135 83 41 And
1741 1139 11 34 I
1771 1140 103 36 could
1892 1142 98 35 ne’er
2006 1139 230 49 with-stand;
2315 1142 86 48 Thy
2417 1144 146 46 jus-tice
2582 1148 117 44 might
2715 1149 95 36 have
2827 1150 155 38 crushed
3000 1162 56 26 me
3073 1153 104 44 dead,
3198 1153 73 38 But
3288 1163 132 39 mer-cy
3439 1156 83 37 held
3540 1157 119 39 Thine
3675 1159 111 38 hand.

3697 1205 19 29 1
3820 1206 22 29 2

720 1398 31 36 5.
781 1392 31 34 A
827 1391 201 39 thou-sand
1045 1392 198 40 wretch-ed
1260 1394 101 37 souls
1407 1408 59 24 are
1526 1396 71 36 fled
1630 1396 107 41 Since
1751 1400 63 36 the
1832 1401 72 37 last
1920 1402 150 44 set-ting
2104 1414 82 34 sun,

717 1435 33 36 6.
780 1435 97 37 Dear
895 1435 99 44 God,
1013 1437 48 37 let
1077 1437 45 37 all
1141 1449 62 32 my
1263 1439 114 38 hours
1416 1442 43 35 be
1472 1440 131 47 Thine,
1609 1440 140 44 Whilst
1769 1444 10 35 I
1812 1445 125 45 en-joy
1997 1446 62 38 the
2099 1447 105 46 light,

2296 1402 82 41 And
2439 1409 63 41 yet
2527 1406 106 38 Thou
2651 1407 228 48 length’nest
2895 1411 64 35 out
2975 1421 62 33 my
3053 1411 141 47 thread,
3217 1412 81 39 And
3316 1417 63 42 yet
3397 1426 62 33 my
3476 1420 196 36 mo-ments
3690 1430 78 26 run.

2270 1448 104 40 Then
2422 1451 93 36 shall
2564 1463 62 32 my
2687 1463 69 27 sun
2805 1454 35 35 in
2858 1455 125 37 smiles
3005 1456 167 45 de-cline,
3192 1456 82 40 And
3293 1458 104 47 bring
3414 1471 21 25 a
3452 1460 182 46 pleas-ant
3651 1465 117 43 night.

3693 1509 20 30 1
3815 1511 23 30 2

605 1663 79 38 The
701 1665 117 38 above
836 1666 116 46 hymn
969 1678 79 24 was
1067 1667 34 37 in
1120 1668 62 36 the
1199 1669 57 36 old
1281 1669 116 46 hymn
1416 1670 117 37 books
1550 1672 141 45 printed
1708 1673 113 37 under
1837 1675 63 37 the
1918 1686 106 26 name
2041 1678 38 35 of
2097 1675 23 17 “
2136 1677 172 45 Morning
2324 1674 144 51 Song.”
2518 1681 29 37 It
2562 1693 79 24 was
2657 1682 113 38 taken
2787 1684 92 36 from
2900 1685 24 17 “
2939 1685 147 46 Hymns
3102 1686 70 37 and
3188 1685 172 49 Spiritual
3380 1688 166 47 Songs,”
3564 1691 73 37 and
3660 1694 167 37 contains
3844 1696 56 35 six

514 1719 138 27 verses.
704 1708 68 38 See
789 1709 164 40 remarks
970 1711 113 38 about
1100 1712 70 36 Mr.
1191 1712 141 47 Watts,
1350 1724 46 26 on
1414 1726 93 33 page
1523 1726 57 34 47,
1600 1716 114 41 under
1729 1719 64 36 the
1809 1722 87 35 tune
1914 1719 28 17 “
1954 1719 222 39 Primrose.”

607 1752 69 41 We
693 1764 65 27 can
775 1755 76 36 find
878 1755 155 45 nothing
1049 1755 112 40 about
1179 1757 67 38 Mr.
1270 1757 119 46 Dean,
1409 1761 62 35 the
1488 1760 131 38 author
1635 1762 38 35 of
1695 1761 64 39 the
1778 1764 126 37 music.
1956 1764 29 37 It
2002 1775 78 27 was
2105 1766 192 46 published
2316 1768 35 38 in
2372 1767 23 19 “
2410 1769 182 38 Southern
2619 1770 231 49 Harmony,”
2869 1774 36 35 in
2934 1776 97 44 1835,
3049 1786 92 35 page
3163 1788 57 32 17;
3253 1775 24 17 “
3294 1776 172 41 Missouri
3494 1779 232 48 Harmony,”
3747 1783 34 35 in
3804 1786 95 42 1837,

514 1808 94 34 page
625 1806 55 36 25,
699 1798 72 37 and
789 1798 117 39 books
923 1802 38 34 of
977 1799 124 39 earlier
1117 1801 94 37 date.
1262 1801 67 38 See
1348 1801 24 18 “
1386 1802 132 39 Sacred
1537 1806 142 45 Harp,”
1699 1807 50 44 by
1766 1807 126 40 White
1910 1810 70 36 and
2001 1809 112 46 King,
2134 1811 93 37 from
2249 1814 84 42 1844
2349 1816 38 35 to
2408 1814 96 46 1869.

1891 1885 375 62 DISTRESS.
2343 1892 62 51 L.
2446 1893 82 50 M.

1280 1958 17 13 “
1306 1957 93 28 Then
1411 1960 79 33 they
1502 1959 88 28 cried
1602 1963 79 26 unto
1693 1961 57 29 the
1762 1962 84 31 Lord
1859 1965 34 26 in
1904 1964 88 28 their
2002 1963 138 36 trouble,
2154 1965 65 28 and
2231 1969 42 26 he
2284 1965 164 33 delivered
2460 1970 91 28 them
2564 1973 55 24 out
2631 1970 35 29 of
2678 1971 87 29 their
2776 1971 290 34 distresses.”—Ps.
3080 1977 61 28 107:
3157 1980 26 25 6.

599 1990 123 37 Anne
747 1990 179 39 StejelE.
975 1993 85 42 Key
1085 1991 41 33 of
1149 1992 33 36 E
1209 1991 141 36 Minor.
3352 2012 190 47 Psalmist,
3568 2015 117 43 hymn
3712 2018 97 37 1088.

3688 2062 18 30 1
3809 2064 23 29 2

729 2230 28 25 i.
786 2219 48 37 So
851 2219 103 38 fades
971 2221 63 36 the
1054 2220 123 47 lovely
1194 2221 197 47 bloom-ing
1407 2222 131 47 flow’r,
1561 2224 106 45 Frail,
1686 2224 166 48 smil-ing
1870 2228 134 38 sol-ace
2020 2231 38 34 of
2074 2241 47 26 an
2139 2230 102 45 hour;

2310 2230 48 40 So
2376 2244 89 26 soon
2484 2244 64 27 our
2565 2236 194 39 tran-sient
2775 2237 188 39 com-forts
2988 2240 65 43 fly,
3073 2239 85 40 And
3176 2242 179 46 pleas-ure
3372 2244 107 44 on-Iy
3496 2244 139 39 blooms
3652 2250 37 33 to
3708 2247 67 35 die.

3686 2292 19 30 1
3809 2293 22 30 2

728 2490 32 26 2.
790 2480 33 36 Is
839 2480 103 38 there
960 2492 46 25 no
1023 2480 104 47 kind,
1146 2493 46 25 no
1209 2482 162 46 heal-ing
1406 2487 68 42 art,
1496 2483 52 38 To
1565 2487 130 37 soothe
1710 2487 64 38 the
1790 2489 177 44 an-guish
1984 2490 39 37 of
2037 2491 64 37 the
2118 2491 119 37 heart?

2298 2492 82 47 Spir
2396 2513 14 6 -
2434 2495 28 37 it
2521 2496 39 36 of
2575 2506 119 36 grace,
2713 2497 44 38 be
2818 2509 101 27 ev-er
2936 2500 100 46 nigh;
3058 2499 87 48 Thy
3160 2504 174 37 comforts
3351 2516 60 26 are
3429 2507 64 35 not
3510 2505 104 37 made
3630 2509 38 35 to
3685 2508 68 36 die.

726 2722 32 34 3.
784 2712 69 36 Let
869 2711 139 45 gen-tle
1026 2711 177 45 pa-tience
1223 2713 104 36 smile
1343 2723 47 27 on
1408 2715 99 44 pain,
1525 2714 70 36 Till
1609 2716 126 46 dy-ing
1752 2718 94 42 hope
1863 2720 161 37 re-vives
2039 2721 138 45 a-gain,
2197 2722 103 43 Hope
2318 2723 114 45 wipes
2448 2725 65 37 the
2528 2728 78 34 tear
2621 2726 94 37 from
2733 2727 188 39 sor-row’s
2939 2741 80 35 eye,
3040 2727 83 44 And
3141 2733 93 37 faith
3252 2733 123 46 points
3393 2736 169 43 up-ward
3577 2738 39 34 to
3631 2737 64 36 the
3713 2738 86 45 sky.

591 2767 105 37 Anne
714 2767 118 38 Steele
851 2779 76 27 was
954 2769 88 35 born
1062 2769 35 37 in
1120 2770 84 43 1706
1220 2770 72 36 and
1317 2770 79 37 died
1422 2772 35 35 in
1485 2770 213 49 Broughton
1719 2773 219 45 Hampshire
1955 2776 36 34 in
2013 2777 94 42 1778.
2160 2777 92 37 This
2268 2779 117 46 hymn
2402 2793 80 25 was
2500 2783 182 44 supposed
2707 2786 38 34 to
2763 2785 96 36 have
2877 2786 88 36 been
2986 2781 192 56 composed
3206 2790 49 43 by
3272 2790 64 37 her
3354 2792 36 35 in
3410 2800 95 35 1735.
3558 2790 73 40 She
3650 2805 79 24 was
3746 2806 21 24 a
3792 2799 101 40 great

499 2821 159 29 woman.
709 2811 74 37 Her
806 2814 126 37 works
950 2815 38 35 of
1014 2824 112 36 many
1144 2814 319 46 volumes—prose
1480 2816 72 39 and
1577 2818 277 47 hymns—were
1879 2821 192 44 published
2096 2822 36 36 in
2162 2823 84 43 1760
2261 2824 73 37 and
2362 2827 98 42 1780,
2475 2826 74 37 and
2573 2828 179 45 reprinted
2777 2831 35 34 in
2842 2832 98 43 186j,
2958 2831 72 38 and
3047 2827 156 49 credited
3226 2839 38 33 to
3284 2835 106 38 Anne
3414 2836 131 37 Steele.
3597 2834 237 42 “Distress”
3861 2841 30 34 is

500 2856 136 47 rightly
662 2857 142 47 named,
833 2858 72 38 and
930 2858 137 46 applies
1091 2861 38 35 to
1157 2860 92 38 Miss
1275 2859 152 40 Steele’s
1452 2862 150 47 hymns,
1619 2864 56 35 for
1699 2864 67 38 she
1790 2875 79 26 was
1894 2877 21 25 a
1941 2869 101 41 great
2066 2867 151 38 sufferer
2242 2870 45 34 all
2312 2869 64 38 her
2400 2871 60 35 life
2484 2872 92 37 from
2603 2873 122 47 bodily
2749 2874 126 37 illness
2899 2877 71 35 and
2996 2875 134 48 lasting
3156 2880 92 42 grief
3273 2890 87 27 over
3384 2882 62 35 the
3472 2884 74 34 loss
3571 2883 38 34 of
3633 2884 64 35 her
3722 2884 167 37 intended

498 2901 185 44 husband,
703 2903 84 36 who
806 2914 78 26 was
904 2904 171 38 drowned
1091 2904 63 37 the
1172 2905 72 44 day
1262 2905 121 38 before
1400 2907 63 36 the
1481 2906 191 47 appointed
1690 2907 182 48 wedding.
1924 2910 67 36 See
2008 2911 141 37 further
2166 2913 218 39 statements
2402 2916 34 34 in
2455 2916 62 38 the
2536 2916 25 18 “
2575 2916 111 48 Story
2702 2919 37 36 of
2758 2919 147 45 Hymns
2923 2921 71 37 and
3012 2916 168 51 Tunes,”
3201 2924 49 44 by
3268 2923 132 39 Brown
3419 2927 72 36 and
3510 2927 258 39 Butterworth.

590 2947 56 38 No
662 2950 97 35 trace
777 2958 66 26 can
870 2948 43 37 be
934 2948 116 37 found
1073 2950 39 36 of
1134 2949 64 37 the
1215 2950 133 38 author
1371 2951 38 36 of
1432 2951 63 37 the
1520 2951 126 38 music.
1699 2953 29 38 It
1744 2964 79 26 was
1847 2953 195 46 published
2067 2968 46 25 on
2138 2967 93 36 page
2256 2969 42 25 22
2322 2958 39 38 of
2377 2958 26 18 “
2416 2959 182 40 Southern
2618 2961 232 48 Harmony,”
2870 2966 36 36 in
2928 2967 98 45 1825,
3044 2967 50 46 by
3111 2966 168 48 Walker,
3297 2969 73 37 and
3394 2972 49 35 its
3465 2972 119 43 orgin,
3603 2982 47 26 no
3666 2972 129 46 doubt,
3811 2985 80 25 was

498 2991 109 36 much
625 2992 125 38 earlier
765 2993 91 36 than
874 2992 88 38 this.
