4021 3430
1581 419 365 63 AUGUSTA.
2017 425 63 59 C.
2108 428 81 54 M.
2220 429 69 51 D.

304 536 40 57 j.
358 547 164 40 YOUNG.
568 544 186 52 Psalmist,
776 547 122 46 hymn
916 548 76 36 248.
1038 513 190 80 Ke^ofF
2074 524 17 19 “
2105 516 62 36 sod
2173 538 4 12 '
2191 524 42 19 “
2235 517 22 26 d
2269 525 42 18 ”°
2313 519 14 24 l
2337 515 38 29 of
2383 523 22 21 *
2419 517 232 31 “-•■•-acts
2663 517 46 27 12,
2725 518 44 28 22.

3522 444 77 51 35

3182 552 43 36 T.
3246 552 58 39 W.
3324 554 180 37 Carter.

494 806 76 43 JO
660 809 56 36 for
799 819 21 25 a

503 851 98 40 (Let
659 864 48 27 ev
738 870 13 10 -
785 852 55 44 ’ry

912 809 110 36 shout
1043 814 10 11 ‘
1068 808 37 34 of
1210 819 60 25 sac
1295 828 16 7 -
1336 808 59 35 red
1478 809 65 43 joy
1620 808 52 37 To
1748 809 97 45 God,
1878 811 62 35 the

924 854 83 35 land
1053 852 93 37 their
1176 854 158 43 tongues
1352 862 56 26 em
1433 871 12 6 -
1469 854 99 43 ploy,
1603 853 82 37 And
1725 855 136 42 hymns
1893 856 38 34 of

2035 819 211 85 t?L-’um|h
2287 823 97 77 sing^
2398 813 6 33 !
2453 845 32 24 2>
2508 833 42 36 Je
2575 854 14 5 ’
2613 844 64 26 sus
2739 845 64 24 our
2874 833 85 38 God
3013 845 41 24 as
3088 853 11 7 '
3124 836 109 36 cends
3296 845 45 26 on
3419 837 104 44 high,

533 1111 124 40 While
675 1123 45 25 an
738 1130 13 8 -
768 1111 77 43 gels

427 1146 32 26 ’*
532 1155 68 39 Let
659 1157 47 36 all
766 1156 62 35 the

904 1112 111 37 shout
1046 1112 70 35 and
1179 1114 116 42 praise
1327 1113 94 37 their
1462 1114 109 43 King,
1613 1112 65 38 Let

904 1157 101 36 earth
1053 1155 68 38 His
1190 1158 73 36 hon
1287 1177 15 7 -
1325 1168 59 26 ors
1460 1158 96 44 sing;
1591 1157 95 39 O’er

1755 1124 76 25 mor
1846 1134 14 6 -
1870 1113 69 37 tals

1746 1158 47 35 all
1860 1159 64 36 the

2015 1159 101 38 earth
2137 1117 94 79 ^He^
2263 1117 184 87 Veins’.}
2456 1148 22 31 4
2511 1136 26 37 s
2539 1149 22 31 P
2564 1138 70 36 eak
2649 1138 97 37 forth
2767 1138 67 36 His
2857 1150 23 32 P
2883 1139 93 36 raise
3007 1139 90 35 with
3145 1151 79 25 awe
3297 1150 63 33 pro
3385 1159 11 7 -
3420 1142 128 43 found,

371 1936 68 38 His
485 1935 137 38 heav’n
654 1955 16 9 -
699 1936 38 45 ly

864 1936 134 47 guards

1105 1948 22 25 a
1159 1955 12 9 •
1196 1936 114 38 round
1402 1936 49 38 At
1481 1957 17 8 -
1520 1937 86 37 tend
1677 1937 83 38 Him

1853 1939 48 36 ris
1941 1957 13 7 -
1994 1939 61 44 ing
2086 1939 159 45 through
2293 1940 62 37 the
2446 1939 75 45 sky
2597 1939 104 40 With
2742 1943 95 34 trum
2856 1960 12 6 -
2892 1943 97 42 pet’s
3072 1941 65 46 joy
3184 1961 13 5 -
3236 1941 53 37 ful
3353 1943 129 36 sound.

368 2206 69 41 Let
496 2206 127 39 knowl
636 2226 16 8 -
665 2208 89 46 edge
859 2207 108 48 guide

1083 2208 64 37 the
1208 2217 107 37 song,
1388 2208 73 38 Nor
1523 2209 106 37 mock
1686 2209 83 38 Him
1831 2209 88 39 with
2012 2220 21 27 a

2138 2209 55 38 sol
2232 2228 12 8 -
2292 2220 81 29 emn
2422 2208 117 42 sound
2618 2211 57 44 Up
2715 2229 14 6 -
2768 2222 45 24 on

2932 2224 21 24 a
3025 2211 161 47 thought
3198 2232 14 7 -
3224 2213 72 37 less
3352 2215 147 42 tongue.

2390 2717 51 45 by
2457 2717 129 41 White
2601 2720 72 36 and
2700 2717 110 47 King,
2828 2719 37 36 in
2886 2721 97 43 1844,
3001 2719 72 36 and
3090 2718 27 17 “
3129 2718 79 40 The
3227 2718 197 48 Hesperian
3451 2721 107 45 Harp.

300 2719 92 38 This
409 2720 88 37 tune
513 2729 77 26 was
606 2716 193 47 published
817 2728 35 25 in
910 2716 81 40 The
1007 2715 150 49 Temple
1176 2717 112 47 Harp,
1336 2728 93 35 page
1447 2727 53 35 53-
1552 2722 30 34 It
1597 2728 152 36 appears
1767 2729 35 24 in
1819 2721 63 35 the
1899 2721 124 37 earlier
2083 2728 131 28 oacreu
2232 2728 112 35 tiarp,
2416 2740 19 24 >

209 2760 52 47 by
286 2762 162 43 William
473 2762 156 47 Houser,
654 2763 37 37 in
720 2763 97 46 1839,
835 2761 73 39 and
931 2761 104 41 other
1059 2761 130 42 books.
1240 2760 70 40 See
1335 2763 165 37 remarks
1524 2762 112 39 about
1661 2762 95 38 Prof.
1778 2763 44 36 T.
1843 2762 61 41 W.
1927 2761 133 46 Carter
2084 2774 46 26 on
2155 2774 93 35 page
2276 2765 73 36 106.
3274 2814 179 14 ....
