4056 3447
1487 383 464 57 RUDIMENTS
2021 387 98 53 OF
2185 387 255 55 MUSIC.
3551 396 24 47 i

1204 475 90 63 By
1327 475 108 52 Joe
1471 475 54 52 S.
1563 474 212 64 James,
1813 474 97 53 for
1945 476 265 64 Original
2244 476 212 55 Sacred
2494 477 176 65 Harp.

324 566 114 32 Music
450 567 31 30 is
497 567 136 31 written
652 575 44 23 on
714 565 72 33 five
804 566 224 41 equidistant,
1047 565 175 43 parrallel,
1241 564 69 35 and
1326 564 195 35 horizontal
1537 566 149 41 straight
1704 566 91 33 lines
1818 565 69 33 and

222 609 59 35 the
296 611 227 40 intervening
542 620 127 30 spaces
687 609 114 33 which
819 612 30 30 is
865 611 115 31 called
997 621 20 21 a

964 664 190 45 Staff

507 720 61 33 5th
593 722 69 32 line

1404 765 60 32 4th
1488 776 109 31 space

507 809 61 32 4th
594 810 69 31 line

1402 853 63 32 3rd
1488 863 107 32 space

504 898 63 32 3rd
592 899 69 30 line

1395 940 70 33 2nd
1488 952 107 29 space

508 987 69 31 2nd
591 987 69 31 line

1416 1031 49 30 1st
1489 1040 107 30 space

512 1076 50 32 1st
595 1075 69 32 line

502 1120 28 32 It
548 1122 29 30 is
596 1119 212 33 sometimes
825 1117 115 33 called
957 1128 21 21 a
997 1115 161 35 STAVE.

306 1164 86 33 This
408 1165 85 33 staff
509 1174 67 23 can
599 1166 44 30 be
658 1162 164 43 enlarged
838 1162 101 31 when
960 1164 25 30 it
1010 1162 169 32 becomes
1193 1170 205 33 necessary,
1418 1162 48 41 by
1482 1162 131 42 adding
1630 1163 134 35 thereto
1783 1165 77 31 addi­

219 1209 109 33 tional
345 1210 89 32 lines
452 1210 114 32 called
584 1205 195 36 LEDGBR
797 1207 139 32 LINES
949 1207 68 32 and
1032 1206 87 32 their
1143 1208 170 41 accruing
1330 1216 141 32 spaces,
1491 1206 81 34 thus
1587 1218 7 22 :

1483 1297 134 41 Ledger
1646 1299 90 31 lines
1754 1297 126 35 above.

307 1344 119 40 Space
456 1343 115 32 above

2084 568 135 33 NOTE.
2270 568 38 33 In
2326 570 172 40 reconing
2515 568 59 34 the
2591 570 159 41 degrees,
2778 570 130 37 letters,
2929 574 67 34 etc,
3016 572 36 31 of
3072 571 57 32 the
3146 573 117 30 music
3282 571 96 38 staff,
3397 571 134 42 always
3548 567 107 40 count

1995 624 153 39 upward.

2083 702 37 32 In
2147 703 106 31 vocal
2282 702 70 34 and
2377 706 93 28 most
2499 704 248 32 instrumental
2775 705 118 31 music
2922 702 97 35 there
3038 713 59 24 are
3116 705 127 31 FOUR
3264 700 162 42 PARTS,
3445 707 210 32 sometimes

1991 758 85 41 only
2103 757 111 39 three,
2240 758 77 33 viz:
2344 758 101 37 Bass,
2471 758 128 38 Tenor,
2619 760 80 31 Alto
2719 760 69 32 and
2803 760 136 32 Treble.
2987 756 117 38 These
3120 764 97 36 parts
3236 769 60 23 are
3314 761 209 34 sometimes
3539 760 115 35 called

1992 812 100 33 other
2118 824 140 22 names.
2307 812 116 32 When
2451 813 85 40 only
2563 813 98 33 three
2691 819 96 35 parts
2810 824 61 23 are
2888 814 98 37 used,
3004 813 81 34 Alto
3103 816 30 30 is
3148 816 182 40 generally
3348 814 60 33 left
3428 815 61 33 off.
3537 815 115 34 These

1990 870 145 30 various
2150 873 97 36 parts
2263 867 37 33 of
2316 869 116 31 music
2448 878 61 23 are
2526 868 46 33 all
2587 869 164 32 included
2767 871 35 29 in
2820 879 22 23 a
2857 867 183 34 character
3054 869 126 40 placed
3193 874 35 28 at
3248 869 59 33 the
3325 868 194 46 beginning
3538 870 36 33 of
3593 870 59 34 the

1992 925 233 39 composition
2239 923 114 34 called
2370 933 21 23 a

2678 1000 278 53 BRACE.

2121 1112 195 34 TREBLE.

2126 1409 130 35 ALTO.

310 1566 117 39 Space
449 1565 114 31 below

1470 1616 134 41 Ledger
1639 1618 88 33 lines
1763 1610 127 42 below'

886 1701 339 59 Degrees.

312 1774 98 34 Each
427 1775 36 32 of
480 1773 102 34 these
598 1773 89 34 lines
706 1773 70 32 and
792 1781 127 31 spaces
936 1773 30 30 is
985 1770 113 33 called
1119 1781 21 22 a
1157 1769 141 43 degree.
1345 1769 77 34 The
1440 1771 89 33 lines
1547 1773 69 31 and
1633 1783 130 31 spaces
1780 1774 36 32 of
1835 1773 58 32 the

221 1821 118 31 music
364 1820 86 33 staff
474 1820 42 31 do
543 1823 60 28 not
628 1818 82 41 only
728 1821 180 37 represent
926 1821 165 35 separate
1111 1814 162 43 degrees,
1294 1815 62 33 but
1372 1820 164 37 separate
1553 1818 171 32 numbers
1741 1818 69 33 and
1825 1819 53 31 dis­

222 1866 85 31 tinct
326 1864 144 37 sounds,
493 1864 70 32 and
584 1863 68 32 this
666 1862 134 40 applies
818 1866 34 27 to
871 1861 111 32 added
1000 1861 89 31 lines
1107 1861 69 32 and
1194 1859 88 33 their
1299 1862 172 39 accruing
1480 1871 128 31 spaces
1625 1872 40 24 as
1684 1864 42 31 do
1745 1862 59 34 the
1817 1863 75 32 first

220 1908 72 33 five
326 1909 88 32 lines
443 1908 71 32 and
542 1908 224 41 intervening
781 1915 138 32 spaces.
968 1905 115 32 There
1103 1914 60 23 are
1181 1903 175 35 therefore
1375 1904 117 33 NINE
1518 1904 223 37 DEGREES
1758 1917 44 23 on
1823 1907 69 32 this

224 1954 117 31 music
358 1953 97 37 staff,
482 1952 116 33 Thus:

865 1992 191 35 DEGREE
1096 1989 162 38 STAFF.

267 2207 54 33 On
340 2208 69 33 this
426 2208 85 33 staff
529 2217 60 22 are
609 2207 74 33 also
703 2206 125 41 placed
846 2205 58 32 the
923 2206 76 31 first
1016 2215 112 23 seven
1145 2203 122 34 letters
1285 2204 36 30 of
1338 2203 59 32 the
1413 2203 176 43 alphabet,
1610 2204 43 37 A,
1674 2206 39 36 B,
1733 2204 37 38 C,
1790 2204 42 37 D,
1849 2204 27 31 E

224 2253 38 37 F,
284 2250 46 34 G.
365 2252 117 34 These
500 2253 120 31 letters
633 2251 69 33 and
720 2251 57 31 the
793 2250 85 32 staff
898 2260 91 30 upon
1003 2249 119 33 which
1142 2248 84 42 they
1239 2257 60 22 are
1315 2248 124 40 placed
1452 2259 60 22 are
1530 2250 134 41 always
1675 2248 195 45 stationary

223 2297 28 31 If
279 2297 59 34 the
363 2306 110 23 seven
502 2297 120 32 letters
649 2304 61 24 are
738 2299 60 28 not
826 2295 182 32 sufficient
1039 2300 34 27 to
1100 2293 108 34 reach
1237 2290 85 44 high
1339 2302 38 21 or
1397 2293 65 32 low
1481 2293 140 43 enough
1639 2295 53 31 for
1712 2293 58 34 the
1788 2296 96 31 tone’

223 2346 121 37 repeat
363 2341 58 33 the
440 2341 122 34 letters
580 2351 40 23 as
639 2340 166 34 occasion
823 2349 85 31 may
926 2341 148 38 require,
1096 2337 133 43 always
1247 2338 33 30 in
1299 2336 88 33 their
1400 2337 140 43 regular
1559 2339 112 33 order.

824 2391 266 52 Lettered
1129 2388 164 54 Staff.

1764 2458 32 35 G

1606 2506 27 30 F

1460 2561 26 30 E

1300 2601 29 31 D

1146 2652 27 31 C

998 2696 26 30 B

846 2741 31 30 A

687 2782 32 34 G

538 2830 25 31 F

379 2885 26 31 E

673 2929 30 32 D

848 2973 25 32 C

1017 3018 28 32 B

1196 3061 34 33 A

2129 1719 164 36 TENOR

2130 2031 118 32 BASS

2081 2316 114 33 There
2223 2325 60 23 are
2310 2314 152 34 SEVEN
2488 2313 216 33 PRIMARY
2722 2313 166 34 TONES.
2918 2314 63 31 For
2999 2315 162 31 instance
3176 2323 7 24 :
3232 2313 114 34 When
3365 2323 44 24 an
3430 2313 122 42 eighth
3570 2317 83 29 tone

1992 2375 31 30 is
2040 2372 86 34 used
2138 2374 26 30 it
2177 2373 30 31 is
2220 2381 22 23 a
2254 2371 189 41 reputition
2463 2370 35 31 of
2516 2370 59 32 the
2590 2369 78 32 first
2684 2379 70 22 one
2766 2370 36 31 of
2820 2368 58 34 the
2888 2371 122 34 series,
3035 2371 27 31 it
3088 2371 31 31 is
3134 2369 114 32 called
3263 2369 95 33 THE
3372 2367 158 34 SCALE.
3578 2368 79 33 The

1993 2427 60 34 the
2067 2432 102 28 tones
2182 2427 37 32 of
2233 2426 59 33 the
2304 2426 99 32 scale
2415 2425 131 32 named
2559 2425 91 32 from
2666 2424 59 33 the
2740 2421 134 35 FIRST
2886 2421 145 35 EIGHT
3050 2422 277 40 NUMERALS,
3343 2423 59 36 the
3419 2425 123 32 lowest
3552 2424 106 41 being

1993 2484 107 38 ONE;
2121 2483 60 34 the
2199 2487 85 28 next
2310 2482 114 32 above
2440 2482 26 30 it
2482 2481 115 36 TWO;
2621 2481 59 33 the
2708 2486 96 32 next,
2822 2478 160 35 THREE
3004 2480 70 32 and
3087 2490 39 23 so
3144 2491 58 23 on.
3248 2480 77 33 The
3339 2480 141 43 highest
3497 2482 31 31 is
3543 2479 114 34 called

1994 2538 156 41 EIGHT,
2170 2538 60 34 the
2246 2542 84 29 next
2346 2537 113 32 below
2476 2539 28 30 it
2521 2536 166 37 SEVEN;
2708 2535 60 33 the
2784 2540 84 29 next
2885 2536 74 35 Six;
2979 2535 69 33 and
3064 2546 38 22 so
3118 2546 56 23 on.
3205 2536 76 33 The
3297 2535 141 44 highest
3451 2536 69 33 and
3538 2536 120 33 lowest

1994 2605 37 24 or
2049 2595 60 35 the
2126 2593 181 35 distancce
2324 2602 45 31 up
2383 2592 69 32 and
2469 2592 101 32 down
2586 2592 161 33 between
2763 2600 73 33 any
2853 2595 66 28 two
2939 2595 101 28 tones
3057 2593 31 31 is
3104 2591 115 33 called
3234 2602 46 24 an
3298 2589 248 36 INTERVAL.

2079 2650 116 35 There
2207 2660 62 23 are
2280 2657 112 25 seven
2403 2647 174 33 intervals
2588 2646 115 33 which
2718 2657 62 23 are
2790 2647 39 33 of
2839 2645 105 34 TWO
2959 2644 154 39 KINDS,
3130 2645 199 35 LARGER
3341 2647 70 34 and
3432 2644 226 36 SMALLER

1991 2708 76 34 The
2083 2707 145 34 smaller
2255 2704 171 35 intervals
2440 2703 108 42 being
2564 2702 83 41 only
2670 2702 74 34 half
2759 2712 42 25 as
2817 2706 99 40 great
2931 2712 42 24 as
2992 2702 58 33 the
3069 2703 128 42 larger,
3214 2703 84 43 they
3315 2712 62 26 are
3396 2703 115 33 called
3527 2703 54 33 for
3598 2704 59 32 the

1992 2765 87 33 sake
2114 2763 36 32 of
2181 2762 257 38 convenience,
2466 2757 145 36 STEPS
2641 2758 70 34 and
2743 2755 127 38 HALF
2901 2755 155 37 STEPS.
3104 2758 114 33 There
3234 2760 107 42 being
3359 2758 106 35 FIVE
3481 2756 176 36 WHOLE

1992 2817 159 41 STEPS,
2170 2818 70 33 and
2257 2813 110 36 TWO
2383 2813 127 36 HALF
2528 2813 152 40 STEPS,
2703 2814 59 34 the
2779 2813 74 35 half
2870 2819 98 38 steps
2986 2825 108 22 occur
3104 2815 161 34 between
3275 2811 159 37 THREE
3445 2815 70 34 and
3532 2816 124 33 FOUR

1992 2888 69 34 and
2080 2884 149 36 SEVEN
2248 2883 71 34 and
2345 2881 164 36 EIGHT.
2557 2879 76 36 The
2661 2882 133 33 hnman
2819 2883 104 32 voice
2940 2881 176 41 naturally
3135 2881 129 34 makes
3281 2891 22 23 a
3318 2880 115 35 whole
3460 2886 78 37 step
3565 2882 90 32 from

1993 2957 76 33 One
2085 2959 34 28 to
2137 2950 98 41 Two;
2255 2950 70 34 and
2342 2950 92 34 from
2463 2946 82 36 Two
2565 2955 33 28 to
2612 2946 114 36 Three
2742 2959 22 24 a
2779 2948 114 34 whole
2909 2953 90 35 step,
3018 2949 93 31 from
3127 2944 114 37 Three
3272 2953 33 28 to
3328 2949 89 32 Four
3439 2958 21 23 a
3476 2949 73 31 half
3563 2953 90 36 step,

1990 3023 92 33 from
2097 3020 90 33 Four
2203 3023 35 29 to
2258 3017 84 35 Five
2359 3027 23 23 a
2397 3015 114 35 whole
2527 3021 89 37 step,
2636 3017 92 32 from
2748 3015 85 35 Five
2850 3019 34 29 to
2902 3012 61 35 Six
2981 3023 23 26 a
3018 3014 116 33 whole
3150 3018 88 38 step,
3258 3016 93 32 fiom
3370 3012 60 35 Six
3449 3020 33 27 to
3501 3012 117 36 Seven
3633 3025 22 22 a

1990 3087 114 35 whole
2119 3089 79 38 step
2211 3085 69 33 and
2297 3083 92 35 from
2407 3082 120 35 Seven
2547 3087 34 29 to
2604 3082 105 44 Eight
2726 3093 21 23 a
2764 3080 75 36 half
2851 3085 88 38 step.
