4004 3447
394 417 74 52 28
1725 415 471 65 AYLESBURY.
2268 424 62 50 S.
2369 425 82 51 M.

638 495 17 15 “
668 493 181 38 According
860 497 34 26 to
905 493 61 37 thy
977 503 107 26 name,
1099 496 26 27 O
1139 493 81 36 God,
1234 503 36 20 so
1283 495 31 29 is
1325 495 59 35 thy
1396 493 106 36 praise
1517 502 79 22 unto
1610 495 55 29 the
1676 496 83 29 ends
1772 496 39 28 of
1820 498 57 27 the
1888 499 92 26 earth
1994 507 8 19 :
2015 500 63 32 thy
2090 498 98 37 right
2199 499 91 29 hand
2304 501 30 27 is
2347 501 57 28 full
2418 502 37 27 of
2463 502 265 36 righteousness.
2765 505 65 30 For
2842 505 70 31 this
2924 505 73 32 God
3009 509 31 27 is
3052 518 64 20 our
3127 511 72 28 God
3211 512 53 27 for
3275 521 78 20 ever
3364 514 68 29 and
3444 523 94 19 ever:

479 543 105 37 REV.
600 543 120 34 ISAAC
742 542 155 42 Watts,
921 541 99 35 1719.
1070 543 85 43 Key
1177 540 44 35 of
1242 543 34 33 A
1298 539 140 38 Minor.
1576 542 43 27 he
1632 541 70 28 will
1715 543 40 26 be
1768 549 60 21 our
1840 542 104 36 guide
1954 551 82 19 even
2049 546 84 26 unto
2144 544 223 32 death.”—Ps.
2381 548 34 26 48
2428 556 7 19 :
2454 548 98 32 10,14.
3363 562 143 42 JAMBS
3528 563 166 36 GREEN.

488 751 29 26 1.
545 738 81 40 The

665 739 86 37 God
774 750 56 28 we

891 750 76 26 wor
983 758 14 7 -
1014 740 83 44 ship

1164 749 97 37 now,
1282 738 89 43 Will
1394 740 109 45 guide
1519 752 44 25 us

1638 740 54 38 till

1761 752 55 27 we
1908 743 69 45 die,

2116 744 88 40 Will
2229 745 44 36 be
2311 756 65 26 our
2401 745 86 37 God
2518 747 110 37 while
2644 748 85 36 here
2746 749 44 38 be
2835 769 14 7 -

2896 751 85 44 low,
3007 754 83 36 And

3136 765 84 27 ours
3253 769 22 24 a
3307 776 12 7 -
3353 757 92 38 bove
3484 760 63 36 the

3631 760 86 46 sky.

478 963 32 26 2.
540 950 95 39 How

695 951 143 38 de-cent

883 951 73 36 and
1001 951 86 37 how

1154 950 106 39 wise!
1286 950 95 38 How
1427 949 175 46 glo-rious

1647 954 38 34 to

1777 952 44 36 be
1860 971 12 7 -
1911 954 99 42 hold,

2134 953 167 47 Be-yond
2316 956 64 37 the
2395 967 108 32 pomp
2520 957 84 37 that
2625 957 146 40 charms
2787 959 65 37 the

2890 970 80 36 eye,
3020 962 83 36 And

3135 964 87 38 rites
3252 977 22 25 a
3299 984 12 8 -
3336 966 135 39 domed
3487 970 91 36 with

3621 970 95 44 gold.

480 1204 29 33 3.
539 1190 69 39 Far

684 1202 41 25 as
767 1190 86 47 Thy
877 1202 105 25 name
1038 1192 31 35 is
1131 1189 152 48 known,
1302 1189 79 39 The
1405 1190 113 41 world
1532 1191 175 39 de-dares
1740 1192 86 46 Thy
1873 1193 127 45 praise;

2119 1194 86 47 Thy
2215 1195 130 45 saints,
2362 1195 38 38 O
2413 1196 107 44 Lord,
2535 1196 44 37 be
2596 1216 14 6 -
2632 1198 77 37 fore
2727 1197 86 47 Thy
2858 1199 129 42 throne
3007 1201 109 39 Their
3133 1214 113 36 songs
3264 1206 38 35 of
3347 1207 73 37 hon
3454 1228 15 7 -
3501 1220 38 25 or
3622 1211 104 38 raise.

476 1432 93 37 This
585 1434 88 36 tune
697 1429 176 49 appeared
898 1432 36 34 in
953 1442 111 34 many
1081 1431 37 37 of
1141 1431 62 37 the
1220 1432 58 36 old
1303 1441 94 35 song
1423 1431 129 38 books.
1605 1432 36 35 In
1661 1429 160 44 Wilfiam
1849 1433 166 46 Billings’
2035 1433 158 42 “Work
2217 1437 37 34 of
2283 1437 79 36 18th
2388 1436 203 46 century;”
2618 1437 221 42 “Southern
2867 1438 232 49 Harmony,”
3121 1445 96 44 1835;
3245 1445 168 39 Mason’s
3432 1447 169 39 “Sacred
3628 1447 141 50 Harp,’’

391 1476 103 45 1840;
526 1476 23 16 “
565 1476 170 38 Missouri
756 1473 232 47 Harmony,”
1010 1478 96 42 1837,
1125 1476 72 35 and
1215 1476 123 37 earlier
1370 1475 165 38 editions.
1586 1475 92 40 This
1703 1479 115 43 hymn
1836 1479 30 35 is
1883 1479 112 37 taken
2019 1480 93 36 from
2131 1491 21 25 a
2177 1479 96 37 book
2289 1480 112 37 called
2420 1480 108 37 “The
2546 1482 144 44 Beauty
2706 1483 38 35 of
2774 1485 63 37 the
2855 1484 197 48 Church,”
3071 1499 40 25 or
3129 1487 167 47 “Gospel
3317 1490 175 47 Worship
3509 1495 72 35 and
3605 1492 164 42 Order.”

391 1518 28 40 It
434 1521 69 37 has
522 1521 57 37 six
597 1524 163 35 stanzas.
812 1520 79 37 The
906 1522 88 35 tune
1013 1518 23 18 “
1051 1518 208 50 Aylesbury
1272 1520 24 18 ”
1315 1522 31 34 is
1363 1521 35 35 in
1417 1520 66 38 the
1500 1522 97 36 older
1613 1532 93 35 song
1724 1522 131 45 books,
1873 1524 72 36 and
1963 1524 30 35 is
2010 1535 22 24 a
2047 1524 72 37 fine
2136 1524 115 35 minor
2268 1525 96 44 piece
2381 1526 38 35 of
2436 1526 126 36 music.
2615 1526 30 37 It
2660 1537 79 26 was
2756 1525 194 50 composed
2969 1530 48 44 by
3035 1530 126 39 James
3179 1532 136 39 Green.

1807 1598 285 55 WELLS.
2165 1602 63 50 L.
2265 1602 85 52 M.

528 1664 20 15 “
557 1663 214 31 Whatsoever
784 1663 59 35 thy
855 1663 90 29 hand
959 1662 125 29 findeth
1098 1665 34 26 to
1144 1663 52 34 do,
1211 1663 41 28 do
1265 1664 29 28 it
1306 1662 82 31 with
1402 1664 60 35 thy
1473 1664 131 35 might;
1625 1664 51 27 for
1688 1665 95 29 there
1797 1666 30 28 is
1840 1673 44 20 no
1895 1667 104 32 work,
2014 1674 60 19 nor
2086 1666 121 36 device,
2220 1674 62 21 nor
2294 1667 210 36 knowledge,
2518 1676 62 21 nor
2592 1669 147 35 wisdom,
2755 1670 36 29 in
2804 1672 57 28 the
2874 1679 111 30 grave,
2999 1675 143 28 whither
3155 1677 82 28 thou
3251 1679 266 38 goest.”—Eccl.
3531 1684 15 25 9
3558 1692 7 19 :
3583 1685 39 26 10.

472 1713 104 34 Rev.
595 1712 120 34 Isaac
740 1708 160 45 Watts,
927 1709 97 34 1719.
1074 1710 86 43 Key
1184 1709 40 34 of
1249 1711 35 33 G
1306 1706 138 49 Major.
3132 1723 154 40 Israee
3308 1726 248 45 Hoedroyd,
3583 1728 97 38 1716.

518 1993 29 25 1.
575 1981 79 37 Life
686 1982 31 35 is
733 1981 63 37 the
805 1980 87 39 time
908 1983 38 34 to
964 1992 105 26 serve
1079 1981 62 38 the
1154 1979 107 48 Lord,

1300 1979 80 39 The
1393 1981 86 38 time
1492 1981 153 39 t’insure
1661 1983 63 37 the
1739 1986 101 42 great
1856 1994 35 25 re
1909 2002 12 7 -
1938 1985 111 44 ward;

2101 1984 82 38 And
2201 1986 108 35 while
2319 1986 63 37 the
2395 1986 97 44 lamp
2505 1986 106 37 holds
2623 1990 63 35 out
2697 1990 38 35 to

2798 1989 92 37 burn

2961 1990 79 39 The
3073 1993 50 35 vil
3141 2012 13 6 -
3167 1996 57 35 est
3255 1996 136 36 sin-ner
3409 2008 85 35 may
3511 2010 35 25 re
3571 2019 13 6 -
3607 2003 96 35 turn.

513 2221 33 25 2.
575 2209 78 38 Life
686 2210 31 35 is
734 2210 62 38 the
813 2210 92 36 hour
916 2208 86 38 God
1014 2210 69 36 has
1101 2209 99 46 giv’n

1317 2208 53 39 To
1403 2220 142 35 es-cape
1572 2210 70 37 hell
1654 2212 72 36 and
1750 2213 53 43 fly
1819 2215 37 34 to
1917 2214 147 43 heav’n;
2103 2213 79 38 The
2199 2215 72 43 day
2310 2215 37 36 of
2364 2225 115 34 grace,
2495 2215 69 37 and
2582 2216 149 38 mortals
2794 2229 85 33 may

2977 2220 48 37 Se
3038 2240 12 5 -
3061 2231 82 26 cure
3160 2222 63 37 the
3237 2222 178 49 bless-ing
3447 2227 38 36 of
3500 2228 63 36 the
3610 2229 82 45 day.

516 2451 31 33 3.
575 2438 81 38 The
676 2439 114 43 living
802 2438 113 37 know
924 2439 82 36 that
1017 2439 91 44 they
1120 2443 98 34 must
1228 2439 69 44 die,
1327 2439 73 37 But
1446 2438 44 38 all
1502 2441 63 35 the
1577 2439 89 36 dead
1677 2440 213 44 for-got-ten
1936 2442 55 43 lie;
2066 2441 109 38 Their
2192 2442 170 45 mem-’ry
2378 2444 71 35 and
2465 2444 94 38 their
2572 2455 107 26 sense
2693 2444 31 37 is
2785 2456 107 35 gone,

2973 2447 30 36 A
3022 2467 11 7 -
3054 2450 72 35 like
3143 2450 262 48 un-know-ing
3422 2453 73 38 and
3506 2455 220 41 un-known.

467 2689 195 43 “Wells”
680 2691 33 37 is
729 2701 69 27 one
815 2693 38 35 of
876 2691 64 37 the
957 2691 59 37 old
1038 2693 110 37 tunes
1164 2690 193 49 composed
1381 2692 50 44 by
1445 2692 65 38 the
1526 2691 119 38 above
1661 2693 145 37 author.
1857 2692 30 38 It
1910 2694 32 36 is
1958 2694 141 45 always
2114 2695 151 45 coupled
2279 2696 91 38 with
2394 2697 64 36 the
2474 2695 118 39 above
2615 2697 129 45 hymn.
2795 2697 186 48 Holdroyd
2997 2710 79 27 was
3101 2701 89 36 born
3208 2702 35 36 in
3263 2702 182 49 England,
3477 2707 97 45 1690,
3593 2709 70 38 and
3680 2721 79 27 was

378 2737 87 37 both
483 2748 22 25 a
521 2745 187 36 composer
725 2735 72 38 and
814 2735 187 46 publisher
1018 2737 37 35 of
1075 2737 202 47 psalmody.
1329 2736 67 39 His
1412 2736 95 39 chief
1523 2736 205 39 collections
1746 2749 94 25 were
1857 2737 192 47 published
2066 2740 35 36 in
2123 2741 95 43 1746.
2270 2740 54 37 He
2341 2744 112 34 wrote
2470 2751 22 26 a
2508 2740 182 39 historical
2707 2745 153 35 account
2875 2743 38 36 of
2939 2742 113 39 music
3069 2747 72 35 and
3166 2746 200 47 dictionary
3384 2749 37 38 of
3444 2750 63 39 the
3525 2763 114 36 same,
3661 2764 95 36 1753.

468 2781 38 36 In
530 2781 105 38 these
653 2780 172 41 sketches
842 2792 22 26 a
881 2780 152 38 number
1049 2783 38 34 of
1112 2781 104 37 items
1233 2781 71 38 will
1331 2781 42 38 be
1399 2781 108 47 given
1532 2781 113 38 about
1667 2782 63 37 the
1755 2786 102 41 great
1880 2783 117 45 hymn
2023 2784 133 45 writer,
2184 2785 98 37 Isaac
2300 2784 139 41 Watts.
2490 2785 55 37 He
2561 2796 79 26 was
2664 2797 22 25 a
2702 2797 92 35 very
2817 2788 148 38 delicate
2984 2799 96 28 man.
3101 2802 41 24 as
3167 2791 55 36 far
3238 2802 42 25 as
3305 2792 123 41 health
3451 2805 79 29 was
3546 2790 208 48 concerned.

380 2826 94 39 Was
497 2837 24 27 a
542 2825 74 39 fine
632 2828 132 41 orator,
782 2824 166 47 polished
964 2826 73 36 and
1061 2824 169 48 eloquent
1254 2825 176 45 minister,
1457 2827 72 39 and
1553 2839 21 24 a
1593 2837 83 27 man
1701 2828 38 35 of
1764 2831 102 41 great
1881 2837 123 36 power
2026 2830 71 36 and
2124 2829 191 47 influence,
2333 2830 72 37 and
2429 2840 69 27 one
2521 2840 135 35 among
2679 2831 64 37 the
2766 2835 161 41 greatest
2949 2833 117 46 hymn
3090 2835 142 38 writers
3255 2837 39 35 of
3316 2838 64 37 the
3404 2834 355 57 English-speaking

376 2870 138 45 people.
565 2869 56 40 He
640 2868 177 48 belonged
834 2873 37 35 to
888 2871 63 36 the
969 2867 154 48 English
1142 2863 395 61 Congregationalists.

466 2914 24 18 “
505 2913 118 43 Wells
637 2914 24 19 ”
679 2925 80 27 was
775 2917 76 36 first
867 2914 193 46 published
1077 2915 36 36 in
1134 2915 85 42 1716
1235 2915 34 35 in
1290 2910 188 54 England;
1499 2917 49 44 by
1565 2915 156 47 Billings
1737 2918 36 35 in
1795 2919 93 45 1807;
1910 2918 159 37 Andrew
2088 2917 90 40 Law
2193 2919 36 36 in
2251 2920 95 43 1820;
2374 2918 108 40 Little
2498 2918 37 41 Si
2554 2919 119 40 Smith
2692 2921 35 37 in
2749 2921 94 45 1830;
2873 2919 26 20 “
2911 2920 182 42 Southern
3119 2924 189 48 Harmony
3322 2926 24 19 ”
3365 2927 35 37 in
3429 2930 94 46 1835;
3585 2930 171 43 Missouri

376 2959 25 21 “
418 2957 191 52 Harmony
622 2958 25 21 ”
666 2959 37 40 in
723 2958 98 49 1837,
839 2960 72 41 and
928 2959 37 40 in
982 2969 113 38 many
1110 2960 38 37 of
1163 2960 63 41 the
1243 2958 123 47 earlier
1383 2957 117 43 books
1517 2960 38 42 of
1570 2960 64 43 the
1650 2960 118 45 above
1785 2962 164 44 authors,
