4004 3455
467 373 73 49 88

551 452 112 43 John
688 448 205 46 Cennick,
915 448 99 37 1843.
1061 448 86 44 Key
1163 447 41 38 of
1222 447 31 35 p
1269 445 139 49 Major.

1561 369 201 56 DONE
1800 369 200 52 WITH
2039 370 150 54 THE
2227 369 299 57 WORLD.
2601 371 62 51 L.
2703 370 82 51 M.

1806 458 17 12 “
1834 456 156 28 Received
2002 463 45 28 up
2059 456 70 28 into
2142 456 179 36 glory.”—1
2333 456 82 27 Tim.
2430 458 15 25 3
2459 465 7 19 :
2483 457 42 27 16.

3222 449 39 32 B.
3281 447 44 34 F.
3345 449 166 41 White,
3531 448 117 33 about
3665 449 99 34 1844.

596 940 124 43 Jesus,
737 950 61 34 my
812 940 58 43 all,
885 942 36 33 to
935 938 142 38 heaven
1096 939 30 34 is
1144 941 107 47 gone,
1272 936 81 38 And
1373 938 11 34 I
1398 937 102 36 don’t
1517 940 126 39 expect
1655 940 36 33 to
1707 940 85 41 stay
1810 936 104 36 much
1934 936 124 44 longer
2072 938 96 41 here;
2185 940 13 31 1
2220 936 11 34 I
2250 947 58 25 am
2328 936 94 36 done
2440 936 88 35 with
2546 935 64 36 the
2628 934 125 45 world,
2773 935 72 36 and
2865 935 12 34 I
2895 938 101 33 want
3011 939 37 32 to
3067 945 104 27 serve
3188 937 63 34 the
3269 936 108 43 Lord,

596 985 54 35 He
665 984 122 37 whom
809 984 10 35 I
838 985 48 34 fix
907 993 60 35 my
984 985 114 42 hopes
1116 986 111 46 upon,
1253 981 82 38 And
1357 982 11 35 1
1385 982 102 35 don’t
1506 985 125 40 expect
1647 984 37 34 to
1702 984 85 44 stay
1805 981 104 35 much
1930 980 123 45 longer
2071 982 96 34 here.
2186 988 10 33 J
2941 979 81 36 And
3043 980 10 34 I
3072 979 103 39 don’t
3191 983 127 41 expect
3334 984 36 33 to
3389 984 84 41 stay
3491 982 106 36 much
3616 983 124 43 longer
3754 983 96 37 here.

551 1460 91 39 This
674 1459 129 46 hymn,
824 1458 163 49 “Jesus,
1022 1472 61 32 my
1107 1460 58 45 all,
1190 1460 38 36 to
1252 1459 142 37 heaven
1421 1459 30 34 is
1477 1460 135 41 gone,”
1646 1469 78 25 was
1757 1459 143 35 written
1935 1458 49 43 by
2010 1457 98 37 John
2134 1456 186 46 Cennick,
2346 1457 71 36 and
2442 1457 31 36 is
2497 1457 114 35 found
2637 1457 35 35 in
2696 1457 63 37 the
2784 1457 165 36 author’s
2976 1455 171 38 “Sacred
3173 1456 192 45 Hymns,”
3396 1468 96 33 1743,
3518 1458 114 36 under
3662 1459 63 36 the
3757 1459 91 44 title,

461 1504 243 45 “Following
729 1503 145 47 Christ,
901 1506 62 36 the
988 1503 164 38 Sinner’s
1179 1502 100 47 Way
1302 1507 36 34 to
1366 1503 127 36 God.”

550 1550 67 39 See
641 1549 143 46 history
806 1550 36 35 of
868 1549 41 36 B.
931 1548 26 37 F
961 1576 10 14 t
993 1549 127 40 White
1145 1548 113 40 under
1284 1547 24 17 “
1323 1547 200 44 Baptismal
1549 1546 204 45 Anthem,”
1770 1559 93 32 page
1888 1558 76 33 232.

1786 1658 268 52 MOUNT
2089 1658 191 51 ZION.
2354 1659 59 50 C.
2444 1659 80 49 M.

1215 1736 133 30 “While
1360 1740 14 25 I
1387 1735 64 29 live
1463 1737 68 27 will
1545 1739 15 24 I
1573 1736 107 36 praise
1692 1737 57 27 the
1762 1736 84 31 I,ord
1859 1745 6 25 ;
1884 1738 15 25 I
1912 1736 69 27 will
1993 1735 75 35 sing
2080 1736 124 33 praises
2214 1738 82 24 unto
2308 1743 57 27 my
2377 1736 70 27 God
2460 1735 99 29 while
2570 1738 16 25 I
2597 1736 84 28 have
2693 1743 65 29 any
2770 1735 221 35 being.”—Ps.
3004 1736 51 28 146
3070 1745 7 20 :
3093 1738 27 28 2.

548 1799 170 37 CHRLES
740 1797 189 43 WESEEY,
946 1795 98 35 1739.
1092 1794 85 45 Key
1193 1794 42 33 of
1251 1794 31 33 F
1298 1792 138 47 Major.
3059 1796 115 42 John
3198 1796 298 41 MassengaeE,
3516 1795 117 34 about
3659 1797 98 34 1850.

554 2061 21 43 J
589 2057 37 38 O
644 2060 55 34 for
717 2069 21 24 a
754 2056 185 37 thousand
956 2058 156 41 tongues
1129 2057 37 35 to
1184 2054 82 45 sing
1286 2054 65 44 My
1368 2057 101 41 great
1487 2055 229 37 Redeemer’s
1733 2055 131 43 praise,
1879 2059 14 31 1
1914 2054 37 36 O
1970 2052 228 46 Christians,
2217 2055 118 42 praise
2354 2055 97 43 Him,
2798 2055 192 36 Methinks
3010 2054 11 35 I
3039 2055 86 35 hear
3142 2055 63 37 the
3222 2055 124 43 gospel
3365 2055 183 45 sounding

554 2088 23 55 t
590 2101 79 39 The
688 2101 131 44 glories
837 2101 36 34 of
893 2110 61 34 my
972 2099 85 37 God
1075 2101 71 34 and
1166 2097 109 47 King,
1295 2098 80 37 The
1392 2099 180 42 triumphs
1591 2099 36 35 of
1648 2099 65 36 His
1732 2110 115 32 grace,
1879 2108 12 32 j
2269 2098 38 37 O
2327 2097 227 46 Christians,
2573 2099 117 44 praise
2709 2099 97 44 Him,
3424 2100 67 35 For
3509 2111 96 25 more
3622 2101 221 38 volunteers.

483 2368 31 23 2.

559 2335 15 38 f
591 2334 119 40 Jesus,
722 2334 63 36 the
798 2343 105 25 name
914 2331 82 38 that
1006 2331 113 36 calms
1133 2341 61 33 my
1204 2332 107 41 fears,
1323 2331 99 36 That
1433 2331 80 35 bids
1526 2342 62 31 my
1601 2340 135 27 sorrow
1747 2341 114 31 cease;
1878 2333 14 32 1
1913 2328 37 37 O
1969 2329 220 44 Christians,
2208 2330 117 42 praise
2345 2329 98 44 Him,
2800 2329 190 36 Methinks
3010 2328 11 35 I
3039 2329 88 36 hear
3142 2329 63 38 the
3223 2329 124 43 gospel
3367 2329 180 45 sounding

553 2374 22 43 \
592 2377 76 38 ’Tis
688 2378 113 35 music
821 2377 34 35 in
867 2377 62 35 the
944 2376 157 35 sinner’s
1116 2385 91 34 ears;
1232 2374 78 38 ’Tis
1328 2376 59 35 life
1405 2377 70 34 and
1493 2375 124 35 health
1635 2375 71 36 and
1724 2385 117 32 peace.
1881 2382 10 32 J
2270 2373 38 36 O
2327 2372 228 46 Christians,
2572 2374 118 44 praise
2709 2373 98 45 Him,
3421 2375 68 35 For
3507 2386 96 25 more
3621 2377 220 36 volunteers.

557 2610 14 38 f
588 2608 65 45 My
671 2609 180 44 gra-cious
872 2606 151 39 Mas-ter
1041 2607 71 36 and
1131 2618 62 31 my
1204 2605 100 44 God,
1320 2605 142 38 As-sist
1479 2617 55 24 me
1550 2609 37 33 to
1605 2604 197 45 pro-claim,
1875 2608 14 31 1
1911 2603 38 37 O
1968 2601 230 46 Christians,
2215 2604 118 42 praise
2349 2603 98 44 Him,
2724 2648 12 11 t
2800 2603 191 37 Methinks
3010 2603 11 35 I
3039 2602 89 37 hear
3143 2603 63 38 the
3223 2604 125 43 gospel
3365 2603 182 45 sounding

484 2643 29 33 3*
559 2655 14 37 f
588 2653 52 40 To
654 2654 129 44 spread
795 2652 159 44 through
968 2652 45 36 all
1025 2652 62 36 the
1099 2651 100 36 earth
1215 2649 107 36 abroad
1341 2651 79 36 The
1437 2651 135 35 honors
1586 2650 37 35 of
1640 2650 69 43 thy
1726 2660 117 24 name,
1876 2661 12 28 j
2267 2647 37 36 O
2322 2647 229 45 Christians,
2569 2647 117 46 praise
2705 2649 97 42 Him,
3421 2660 68 25 ror
3508 2660 96 26 more
3620 2656 220 33 volunteers.

544 2913 91 44 This
662 2916 31 36 is
719 2927 67 25 one
811 2916 37 35 of
872 2915 62 37 the
959 2916 57 35 old
1044 2914 183 42 melodies,
1247 2912 70 40 and
1344 2912 176 44 arranged
1545 2912 50 43 by
1621 2910 245 44 Massengale.
1916 2908 68 38 See
2008 2910 128 37 sketch
2164 2910 37 35 of
2225 2910 75 35 him
2327 2910 35 36 in
2387 2911 103 36 other
2514 2918 112 39 pages
2652 2910 37 36 of
2712 2911 75 35 this
2813 2910 97 36 book

543 2961 31 38 A
598 2958 65 43 full
689 2960 142 46 history
855 2960 37 36 of
917 2958 160 39 Charles
1103 2957 167 47 Wesley,
1287 2967 92 38 page
1405 2959 78 43 285,
1501 2957 77 36 also
1603 2956 38 35 of
1663 2957 63 36 the
1750 2956 118 36 above
1891 2965 126 28 verses
2036 2966 36 25 m
2090 2955 52 37 M.
2163 2955 43 35 E.
2225 2955 117 43 hymn
2367 2954 112 46 book,
2504 2954 51 46 by
2573 2956 79 35 Rev
2675 2958 59 36 W.
2756 2959 40 33 F.
2826 2959 121 37 lillitt,
2969 2959 96 41 1889.
3116 2961 69 33 1N0.
3207 2965 74 34 374.
