4030 3412
1270 429 468 58 RUDIMENTS
1810 432 100 54 OF
1978 429 254 57 MUSIC.
2374 426 352 62 Continued.

305 434 66 51 18

329 517 106 35 What
459 518 31 33 is
511 529 22 22 a
557 517 119 35 third?

324 565 62 33 An
411 563 158 35 interval
595 564 113 33 which
735 563 159 35 involves
922 564 101 34 three
1053 564 161 45 degrees,
1243 576 39 23 as
1311 565 27 33 C
1368 566 71 31 and
1467 567 42 31 E.

326 609 95 34 How
449 618 110 36 many
586 608 108 34 kinds
725 609 41 33 of
796 610 117 35 thirds
944 621 60 21 are
1033 610 123 34 there?

325 652 294 46 Three—Major
642 655 130 40 thirds,
796 656 122 32 Minor
942 656 117 33 thirds
1084 656 73 32 and
1180 656 228 34 Diminished
1431 657 130 34 thirds.

324 701 114 34 What
470 702 31 32 is
534 712 21 21 a
587 701 120 32 minor
739 702 122 33 third?

326 748 34 33 A
381 747 100 34 third
502 757 38 24 as
563 747 105 33 small
691 757 39 24 as
750 748 102 34 three
873 747 209 44 half-steps.

326 793 112 35 What
461 794 31 31 is
518 804 21 22 a
564 794 128 41 Major
719 792 120 34 third?

325 840 37 32 A
385 839 100 34 third
510 848 39 24 as
576 842 105 41 great
706 849 38 25 as
769 841 72 31 two
866 840 112 44 steps.

324 884 114 35 What
460 886 32 32 is
516 895 22 23 a
562 884 149 33 fourth?

325 932 61 33 An
408 930 158 37 interval
587 931 115 32 which
722 930 159 34 involves
906 929 87 35 four
1015 927 161 48 degrees,
1199 943 38 22 as
1262 930 39 34 C.
1326 928 72 36 and
1422 928 41 37 F.

327 976 94 34 How
445 986 110 34 many
577 977 108 32 kinds
710 976 41 33 of
777 976 145 33 fourths
948 987 62 23 are
1034 977 123 33 there?

323 1020 314 37 Three—Perfect
662 1021 138 42 fourth,
824 1021 228 34 Diminished
1076 1022 126 34 fourth
1227 1023 71 31 and
1322 1021 234 46 Augmented
1581 1019 136 39 fourth.

323 1068 112 34 What
468 1069 29 31 is
532 1079 21 21 a
586 1067 230 35 Diminished
850 1067 148 34 fourth?

323 1115 36 33 A
385 1114 129 33 fourth
539 1124 39 23 as
605 1117 106 40 great
736 1124 38 22 as
800 1124 67 22 one
893 1115 80 43 step
1001 1113 73 33 and
1100 1116 70 30 two
1196 1113 209 44 half-steps.

324 1159 112 34 What
468 1160 30 33 is
532 1171 21 21 a
586 1159 150 34 Perfect
769 1159 149 32 fourth?

326 1206 34 31 A
391 1205 128 33 fourth
550 1216 38 22 as
619 1207 105 41 great
753 1215 39 23 as
821 1207 72 29 two
925 1206 99 42 steps
1057 1206 71 32 and
1160 1215 67 23 one
1253 1204 191 44 half-step.

325 1250 112 34 What
460 1252 30 31 is
515 1261 46 22 an
584 1249 234 46 Augmented
844 1251 149 33 fourth?

325 1297 36 32 A
390 1295 129 34 fourth
547 1306 38 23 as
615 1299 106 40 great
748 1306 39 23 as
816 1296 104 32 three
947 1298 113 42 steps.

325 1341 112 35 What
462 1342 30 32 is
519 1352 21 22 a
565 1343 107 31 fifth?

326 1387 59 33 An
406 1386 157 35 interval
584 1387 113 32 which
717 1386 159 35 involves
897 1387 69 33 five
989 1387 149 45 degrees
1162 1398 38 23 as
1224 1388 28 32 C
1272 1388 72 32 and
1366 1387 43 35 G.

328 1433 94 33 How
446 1442 110 35 many
579 1433 108 32 kinds
714 1432 41 34 of
781 1433 104 33 fifths
913 1444 61 22 are
1002 1433 123 34 there?

325 1476 314 37 Three—Perfect
661 1478 117 40 fifths,
800 1478 229 34 Diminished
1053 1478 105 33 fifths
1184 1480 72 31 and
1281 1477 234 45 Augmented
1536 1480 116 32 fifths.

325 1524 111 34 What
463 1525 30 32 is
522 1534 20 22 a
568 1523 228 34 Diminished
822 1524 107 33 fifth?

326 1569 34 34 A
382 1570 86 32 fifth
489 1578 39 24 as
551 1572 104 41 great
677 1580 38 22 as
737 1573 70 30 two
828 1572 99 42 steps
951 1572 72 31 and
1045 1572 70 30 two
1137 1569 209 44 half-steps.

326 1614 112 35 What
470 1615 30 32 is
535 1626 21 21 a
589 1614 150 34 Perfect
773 1615 107 31 fifth?

327 1662 34 32 A
384 1661 85 32 fifth
492 1670 38 24 as
552 1662 106 42 great
682 1670 39 23 as
744 1661 101 32 three
867 1663 101 42 steps
991 1660 72 32 and
1086 1670 67 24 one
1175 1660 191 44 half-step.

325 1706 112 34 What
459 1707 30 32 is
514 1717 46 22 an
583 1705 234 45 Augmented
841 1706 108 32 fifth?

326 1751 35 34 A
384 1751 85 32 fifth
493 1761 39 25 as
556 1754 104 41 great
683 1761 39 22 as
747 1751 85 33 four
856 1754 110 41 steps.

330 1797 107 32 What
459 1797 31 30 is
512 1807 21 22 a
554 1797 116 33 sixth?

328 1843 60 32 An
413 1841 158 35 interval
596 1843 114 31 which
738 1842 159 34 involves
926 1845 54 31 six
1007 1843 162 45 degrees,
1196 1854 38 22 as
1263 1844 28 32 C
1319 1843 72 32 and
1420 1844 45 33 A.

327 1888 96 33 How
443 1897 110 36 many
574 1888 108 32 kinds
704 1888 42 33 of
767 1889 114 31 sixths
905 1899 61 22 are
989 1889 124 32 there?

326 1934 286 34 Three—Minor
636 1933 106 40 sixth,
765 1933 129 43 Major
919 1933 95 34 sixth
1039 1934 72 32 and
1135 1934 234 44 Augmented
1393 1934 105 34 sixth.

326 1980 113 33 What
461 1980 30 31 is
516 1989 20 23 a
560 1979 129 42 Major
713 1978 116 35 sixth?

327 2025 35 33 A
389 2025 95 33 sixth
511 2034 38 24 as
578 2027 104 41 great
708 2035 38 23 as
775 2025 86 31 four
888 2027 100 41 steps
1014 2024 72 33 and
1113 2035 66 23 one
1205 2025 192 44 half-step.

326 2070 113 34 What
458 2071 31 31 is
511 2080 22 22 a
553 2071 123 32 Minor
696 2069 117 34 sixth?

326 2117 35 32 A
384 2116 96 32 sixth
504 2124 39 25 as
568 2118 105 41 great
697 2125 39 23 as
759 2116 102 34 three
884 2118 100 41 steps
1010 2117 73 32 and
1105 2119 71 31 two
1199 2115 212 46 half-steps.

327 2162 112 32 What
466 2162 30 32 is
527 2172 46 21 an
601 2160 234 45 Augmented
865 2162 116 32 sixth?

327 2207 34 32 A
382 2207 98 32 sixth
503 2216 38 24 as
567 2209 104 40 great
695 2216 39 24 as
757 2206 67 33 five
849 2209 110 41 steps.

326 2252 113 33 What
467 2253 29 31 is
526 2263 22 21 a
575 2252 169 33 seventh?

326 2298 61 32 An
417 2295 158 36 interval
603 2297 114 32 which
746 2296 159 35 involves
937 2308 106 24 seven
1074 2298 161 45 degrees,
1266 2308 38 23 as
1335 2300 29 32 C
1394 2300 72 31 and
1496 2300 43 33 B.

328 2343 94 32 How
446 2351 110 35 many
582 2343 166 33 sevenths
773 2344 89 32 have
887 2345 73 30 we?

327 2387 292 44 Three—Major
651 2389 158 39 seventh,
840 2389 122 33 Minor
992 2389 149 34 seventh
1172 2389 72 33 and
1274 2389 228 33 Diminished
1533 2391 158 34 seventh.

327 2434 111 32 What
465 2435 30 31 is
526 2445 21 21 a
576 2434 228 33 Diminished
833 2435 169 35 seventh?

326 2480 35 32 A
386 2479 148 35 seventh
559 2490 40 22 as
625 2482 106 41 great
756 2491 39 22 as
820 2480 103 34 three
948 2482 101 42 steps
1075 2480 73 34 and
1173 2480 103 34 three
1300 2480 211 44 half-steps.

326 2525 112 33 What
461 2526 29 31 is
517 2536 21 21 a
562 2526 122 31 Minor
709 2525 170 35 seventh?

326 2571 33 31 A
383 2569 147 36 seventh
555 2580 39 23 as
617 2573 104 40 great
743 2580 39 22 as
806 2571 85 31 four
913 2572 100 43 steps
1037 2570 72 33 and
1131 2574 70 30 two
1224 2571 210 44 half-steps.

324 2616 113 32 What
458 2617 31 31 is
512 2625 22 22 a
555 2616 129 42 Major
707 2615 170 33 seventh?

324 2673 37 32 A
384 2671 151 36 seventh
559 2681 40 24 as
624 2674 106 43 great
755 2683 40 23 as
819 2672 69 34 five
914 2674 101 43 steps
1041 2674 73 32 and
1140 2685 67 21 one
1232 2673 192 44 half-step.

323 2728 113 34 What
456 2728 30 33 is
508 2739 45 22 an
574 2729 148 34 octave?

325 2787 60 32 An
412 2783 157 38 interval
596 2785 113 34 which
737 2787 159 33 involves
926 2787 98 44 eight
1053 2786 162 45 degrees,
1243 2798 38 22 as
1311 2787 28 34 C
1368 2788 71 31 and
1468 2787 28 32 C
1525 2787 123 34 above.

327 2843 96 32 How
443 2851 111 35 many
574 2841 108 35 kinds
705 2842 42 34 of
770 2845 146 31 octaves
940 2853 61 23 are
1024 2843 124 34 there?

325 2899 286 35 Two—Perfect
635 2899 73 34 and
734 2899 228 35 Diminished
988 2901 156 36 octaves.

325 2956 113 34 What
469 2955 30 33 is
535 2967 21 22 a
589 2955 229 36 Diminished
852 2957 147 34 octave?

325 3013 62 32 An
405 3014 126 33 octave
551 3022 40 24 as
612 3014 105 42 great
736 3023 39 23 as
796 3013 86 33 four
902 3013 100 45 steps
1024 3011 71 34 and
1116 3013 102 32 three
1237 3011 209 46 half-steps.

323 3066 114 35 What
466 3067 31 35 is
528 3079 23 21 a
582 3067 151 35 Perfect
761 3069 150 33 octave?

2067 520 60 34 An
2151 523 126 31 octave
2302 531 39 23 as
2366 523 104 42 great
2495 531 39 24 as
2559 521 67 33 five
2652 523 100 43 steps
2777 520 73 34 and
2875 521 71 34 two
2969 519 213 48 half-steps.

2067 577 112 32 What
2204 578 29 33 is
2261 588 20 20 a
2307 577 123 32 ninth?

2068 623 61 33 An
2157 621 158 35 interval
2342 623 114 32 which
2484 622 159 34 involves
2673 624 82 32 nine
2787 621 161 47 degrees,
2977 632 39 23 as
3048 623 28 34 C
3106 622 72 35 and
3207 624 35 33 D
3273 623 74 37 and
3374 625 85 37 nine
3486 623 152 53 degrees

1980 669 123 31 above.

2069 710 95 36 How
2187 723 107 33 many
2320 714 108 33 kinds
2453 714 42 33 of
2518 714 123 34 ninths
2668 723 62 25 are
2755 709 123 38 there?

2068 758 286 36 Three—Minor
2377 759 115 39 ninth,
2515 757 129 45 Major
2668 760 103 33 ninth
2795 760 72 32 and
2892 755 234 50 Augmented
3149 758 134 39 ninths.

2067 805 113 34 What
2206 808 29 30 is
2263 816 21 20 a
2309 805 122 33 Minor
2456 805 124 33 ninth?

2069 851 35 32 A
2133 852 104 32 ninth
2267 861 39 22 as
2338 854 105 40 great
2473 862 39 24 as
2543 853 68 33 five
2641 854 100 44 steps
2773 852 73 32 and
2875 853 101 33 three
3004 854 211 45 half-steps.

2068 896 112 35 What
2207 899 32 31 is
2271 907 22 21 a
2322 894 130 46 Major
2480 895 126 37 ninth?

2068 943 34 32 A
2125 943 104 32 ninth
2252 953 39 22 as
2314 945 105 41 great
2443 954 39 23 as
2505 945 54 32 six
2579 946 101 42 steps
2705 939 72 38 and
2800 948 71 29 two
2894 945 210 45 half-steps.

2068 988 111 33 What
2205 989 30 32 is
2265 999 46 20 an
2340 989 234 43 Augmented
2602 989 125 34 ninth?

2068 1033 35 32 A
2126 1034 105 32 ninth
2256 1043 38 22 as
2319 1037 105 40 great
2449 1044 39 23 as
2511 1034 69 33 five
2604 1038 99 40 steps
2730 1036 72 32 and
2825 1040 70 29 two
2919 1038 211 44 half-steps,
3155 1040 71 32 and
3250 1050 21 21 a
3295 1039 81 46 step
3400 1044 73 32 and
3496 1053 22 23 a
3539 1042 84 35 half­

1978 1080 93 42 step.

2582 1123 444 41 MISCELLANEOUS.

2068 1171 29 31 1.
2127 1170 107 33 What
2255 1171 31 32 is
2308 1181 22 21 a
2351 1172 111 42 song?

2069 1216 99 43 Song
2189 1217 29 32 is
2243 1227 21 21 a
2285 1218 88 31 tune
2395 1218 114 31 which
2530 1219 36 31 in
2589 1229 20 21 a
2633 1219 147 43 general
2802 1230 101 22 sense
2928 1231 123 23 covers
3075 1221 48 36 all
3147 1226 208 32 utterances
3377 1226 87 32 with
3486 1225 153 34 musical

1978 1260 227 34 modulation
2233 1261 41 32 of
2301 1262 59 32 the
2387 1264 110 37 voice,
2522 1264 159 32 whteher
2708 1264 29 33 it
2764 1265 29 33 is
2821 1266 60 31 the
2908 1267 132 32 human
3069 1269 98 31 voice
3196 1280 40 21 or
3263 1270 81 33 that
3369 1271 42 31 of
3437 1272 59 32 the
3523 1272 113 33 birds.

1979 1306 37 32 It
2047 1306 146 44 usually
2226 1307 142 45 applies
2399 1310 40 30 to
2472 1308 130 44 simple
2635 1311 259 44 compositions
2926 1312 135 43 having
3092 1324 66 23 one
3192 1325 41 21 or
3266 1318 71 31 two
3369 1317 160 43 periods,
3563 1317 74 34 and

1978 1351 141 44 applies
2145 1355 39 30 to
2210 1352 129 34 sacred
2364 1364 41 21 or
2431 1354 141 34 secular
2598 1355 130 33 words.

2068 1398 30 31 2.
2124 1398 112 33 What
2259 1400 30 31 is
2316 1410 46 21 an
2388 1400 166 33 anthem?
2881 1421 14 22 3

2067 1442 35 31 A
2122 1442 128 34 sacred
2270 1444 251 44 composition,
2540 1445 59 34 the
2607 1446 130 35 .words
2759 1447 42 32 of
2819 1447 114 33 which
2955 1459 60 22 are
3034 1449 112 34 taken
3168 1451 96 32 from
3285 1452 59 33 the
3366 1453 116 40 Bible,
3501 1463 138 36 prayer

1977 1487 96 33 book
2094 1498 42 22 or
2155 1488 105 33 other
2279 1489 129 34 sacred
2427 1491 158 44 writing.

2066 1534 32 31 3.
2123 1534 111 33 What
2256 1535 29 33 is
2309 1545 21 22 a
2353 1536 140 31 Motet?

2071 1580 34 31 A
2139 1580 118 32 Motet
2291 1580 159 43 signifies
2484 1591 21 21 a
2538 1582 103 32 vocal
2675 1583 239 45 composition
2950 1586 137 32 similar
3122 1590 37 29 to
3194 1588 58 31 the
3289 1588 156 42 anthem,
3477 1590 68 34 but
3577 1591 63 33 the

1978 1623 120 32 words
2131 1634 62 24 are
2222 1627 65 30 not
2316 1626 111 32 taken
2457 1626 96 34 from
2583 1628 61 32 the
2675 1628 220 43 Scriptures.
2951 1631 191 45 Formerly
3173 1643 20 21 a
3223 1635 115 31 motet
3368 1645 73 24 was
3473 1645 22 22 a
3524 1636 114 34 crude

1978 1669 259 45 counterpoint
2260 1670 121 33 added
2402 1674 39 30 to
2463 1683 21 21 a
2504 1671 104 46 plain
2630 1674 119 33 chant.

2068 1716 31 31 4.
2124 1716 113 33 What
2265 1717 31 32 is
2327 1727 46 21 an
2403 1717 99 32 Ode?

2069 1760 35 32 A
2128 1761 121 34 Greek
2271 1762 101 32 word
2395 1763 203 44 signifying
2620 1775 46 21 an
2690 1765 54 32 air
2769 1776 40 22 or
2832 1776 108 34 song;
2965 1778 21 21 a
3011 1767 128 45 lyrical
3162 1771 240 43 composition
3426 1773 41 32 of
3490 1775 149 42 greater

1978 1806 126 42 length
2125 1806 72 33 and
2218 1807 143 44 variety
2381 1809 88 32 than
2489 1819 21 21 a
2533 1819 107 33 song;
2663 1810 219 45 resembling
2903 1823 21 22 a
2945 1815 118 35 canta.

2069 1852 31 31 5.
2126 1852 112 33 What
2262 1854 30 31 is
2318 1864 21 21 a
2364 1853 173 34 Fanfare.

2069 1896 35 32 A
2129 1897 114 39 short,
2267 1897 119 45 lively,
2411 1898 87 34 loud
2524 1901 72 31 and
2621 1901 166 34 war-like
2811 1902 127 40 music,
2963 1905 42 31 of
3029 1906 115 33 music
3169 1907 194 45 composed
3388 1910 41 31 of
3453 1912 185 42 trumpets

1981 1941 73 32 and
2090 1941 114 34 kettle
2241 1943 125 34 drums
2405 1944 74 33 also
2515 1946 62 31 the
2613 1956 106 23 name
2757 1948 41 31 of
2834 1949 59 32 the
2930 1950 109 43 lively
3075 1950 94 34 little
3205 1953 100 44 piece
3341 1955 214 44 performed
3591 1966 48 22 on

1979 1988 157 43 hunting
2156 1988 109 33 horns
2288 1990 37 32 in
2347 1990 61 32 the
2429 1990 115 34 chase.

2072 2034 29 31 6.
2127 2034 110 33 What
2263 2035 30 32 is
2320 2045 45 22 an
2393 2035 144 34 Etude?

2070 2078 35 32 A
2130 2079 241 44 composition
2395 2080 113 33 which
2532 2083 31 33 is
2588 2083 175 34 intended
2787 2095 43 21 or
2854 2095 86 35 may
2963 2096 103 23 serve
3091 2088 61 33 for
3178 2100 22 21 a
3225 2089 121 45 study.

2071 2124 29 32 7.
2126 2125 110 33 What
2266 2126 30 31 is
2328 2137 47 21 an
2406 2126 113 33 Aria?

2070 2169 61 33 An
2161 2169 259 45 accompanied
2451 2182 90 34 song
2571 2173 60 32 for
2662 2184 20 21 a
2714 2175 74 33 solo
2818 2176 110 34 voice.

2069 2214 113 33 What
2204 2216 30 34 is
2259 2226 21 21 a
2304 2216 210 35 Nocturne?

2070 2260 35 32 A
2124 2261 101 43 piece
2246 2261 42 31 of
2308 2262 114 34 music
2444 2263 59 31 for
2523 2264 260 43 performance
2802 2268 36 31 in
2859 2267 60 34 the
2940 2278 95 34 open
3057 2271 54 31 air
3134 2273 39 29 at
3193 2270 114 45 night.

2071 2307 29 30 9.
2125 2306 112 33 What
2264 2307 30 32 is
2322 2318 47 21 an
2397 2308 195 34 Oratorio?

2069 2351 62 32 An
2159 2351 173 35 Oratorio
2361 2353 29 33 is
2420 2364 21 21 a
2469 2354 127 34 sacred
2625 2356 152 33 musical
2807 2357 138 41 drama,
2976 2361 308 43 unaccompanied
3312 2363 48 44 by
3391 2375 158 34 scenery.

2072 2397 50 32 10.
2148 2397 111 34 What
2282 2399 29 31 is
2336 2409 47 21 an
2408 2399 201 35 Overture?

2071 2440 197 45 Generally
2300 2443 29 34 it
2360 2445 30 31 is
2424 2455 46 21 an
2501 2445 258 46 introductory
2790 2451 203 31 movement
3024 2450 165 45 prefixed
3222 2456 37 29 to
3294 2463 46 23 an
3372 2456 161 32 oratorio
3566 2456 73 33 and

1979 2487 174 33 intended
2178 2490 37 31 to
2241 2488 231 35 foreshadow
2496 2490 60 34 the
2579 2492 163 34 incident
2766 2494 42 31 of
2831 2494 61 32 the
2917 2495 110 32 work.

2072 2534 50 31 11.
2148 2533 112 33 What
2283 2533 30 34 is
2339 2545 21 20 a
2386 2534 178 34 Prelude?

2069 2578 61 32 An
2156 2578 259 44 introductory
2440 2582 40 30 to
2507 2591 21 22 a
2554 2582 101 43 piece
2683 2582 41 33 of
2749 2583 125 34 music.

2071 2624 50 32 12.
2145 2624 114 33 What
2282 2625 30 35 is
2336 2636 21 21 a
2380 2624 140 46 Galop?

2068 2681 35 32 A
2126 2680 108 44 quick
2257 2682 101 40 tune,
2382 2680 187 48 generally
2590 2683 40 34 in
2651 2685 22 31 2
2697 2695 86 23 over
2805 2688 22 29 4
2850 2695 177 26 measure.

2070 2737 50 32 13.
2146 2737 110 34 What
2284 2738 30 33 is
2341 2748 22 22 a
2389 2738 86 44 Jig?

2069 2792 34 32 A
2134 2792 135 45 bright,
2301 2792 101 35 brisk
2435 2797 97 38 tune,
2567 2797 185 45 generally
2784 2798 37 33 in
2852 2808 176 26 measure.

2071 2850 50 32 14.
2147 2849 111 34 What
2284 2850 29 35 is
2343 2862 20 22 a
2390 2851 227 35 Recitative?

2070 2905 35 33 It
2133 2907 31 32 is
2194 2917 20 21 a
2244 2916 91 36 song
2362 2908 81 33 that
2473 2908 85 35 does
2587 2914 65 30 not
2679 2911 85 34 take
2795 2912 60 34 the
2886 2911 96 35 form
3012 2913 40 33 of
3082 2924 21 23 a
3130 2912 163 47 melody;
3324 2915 140 35 neither
3494 2918 85 35 does
3607 2920 32 32 it

1980 2961 166 34 conform
2170 2966 38 29 to
2231 2963 59 35 the
2315 2965 107 35 strict
2445 2965 104 34 value
2574 2967 41 32 of
2637 2969 176 32 notation.
2862 2969 60 34 No
2944 2969 95 33 fixed
3061 2970 152 35 musical
3240 2971 156 47 rhythm,
3418 2975 67 33 but
3507 2977 131 32 strives

1978 3018 38 31 in
2035 3018 48 34 its
2105 3018 145 44 rhythm
2271 3020 72 34 and
2363 3021 205 36 succession
2588 3023 41 33 of
2648 3026 103 33 tones
2773 3028 39 30 to
2833 3025 141 34 imitate
2996 3036 38 24 as
3056 3027 60 33 far
3137 3037 39 24 as
3196 3027 160 46 possible
3377 3030 61 33 the
3460 3031 163 34 declama­

1978 3077 86 41 tory
2088 3077 144 31 accents
2257 3075 42 33 of
2325 3076 140 48 speech.
