<?xml version="1.0" encoding="UTF-8"?>
<?xml-stylesheet href="https://raw.githubusercontent.com/sounding-spirit/ocr-correction/master/alto-style.css"?>
<alto xmlns="http://www.loc.gov/standards/alto/ns-v2#"
      xmlns:xlink="http://www.w3.org/1999/xlink"
      xmlns:xsi="http://www.w3.org/2001/XMLSchema-instance"
      xsi:schemaLocation="http://www.loc.gov/standards/alto/ns-v2# http://www.loc.gov/standards/alto/alto-v2.0.xsd">
   <Description>
      <MeasurementUnit>pixel</MeasurementUnit>
      <OCRProcessing ID="IdOcr">
         <ocrProcessingStep>
            <processingDateTime>2020-06-16</processingDateTime>
            <processingSoftware>
               <softwareCreator>ABBYY</softwareCreator>
               <softwareName>ABBYY FineReader Engine</softwareName>
               <softwareVersion>12</softwareVersion>
            </processingSoftware>
         </ocrProcessingStep>
      </OCRProcessing>
   </Description>
   <Styles/>
   <Layout>
      <Page ID="Page1" PHYSICAL_IMG_NR="1" HEIGHT="3447" WIDTH="4047">
         <TopMargin HEIGHT="418" WIDTH="4047" VPOS="0" HPOS="0"/>
         <LeftMargin HEIGHT="2462" WIDTH="428" VPOS="418" HPOS="0"/>
         <RightMargin HEIGHT="2462" WIDTH="189" VPOS="418" HPOS="3858"/>
         <BottomMargin HEIGHT="567" WIDTH="4047" VPOS="2880" HPOS="0"/>
         <PrintSpace HEIGHT="2462" WIDTH="3430" VPOS="418" HPOS="428">
            <TextBlock ID="Page1_Block1"
                       HEIGHT="70"
                       WIDTH="88"
                       VPOS="454"
                       HPOS="428"
                       language="en-US">
               <Shape>
                  <Polygon POINTS="428,455 516,455 516,524 429,524 429,497 428,497 428,455"/>
               </Shape>
               <TextLine HEIGHT="52" WIDTH="72" VPOS="463" HPOS="436">
                  <String WC="0.55500000715255737"
                          CONTENT="6o"
                          HEIGHT="52"
                          WIDTH="72"
                          VPOS="463"
                          HPOS="436">6o</String>
               </TextLine>
            </TextBlock>
            <TextBlock ID="Page1_Block2"
                       HEIGHT="94"
                       WIDTH="859"
                       VPOS="562"
                       HPOS="518"
                       language="en-US">
               <Shape>
                  <Polygon POINTS="1129,569 1158,569 1158,570 1198,570 1198,571 1240,571 1240,572 1265,572 1265,573 1341,573 1341,574 1359,574 1359,575 1374,575 1374,576 1377,576 1377,648 732,648 732,647 709,647 709,646 693,646 693,645 679,645 679,644 518,644 518,572 533,572 533,571 570,571 570,570 1129,570 1129,569"/>
               </Shape>
               <TextLine HEIGHT="75" WIDTH="842" VPOS="573" HPOS="526">
                  <String WC="0.53799998760223389"
                          CONTENT="Isaac"
                          HEIGHT="36"
                          WIDTH="120"
                          VPOS="599"
                          HPOS="526">Isaac</String>
                  <SP WIDTH="22" VPOS="594" HPOS="647"> </SP>
                  <String WC="0.51999998092651367"
                          CONTENT="Watts,"
                          HEIGHT="45"
                          WIDTH="160"
                          VPOS="593"
                          HPOS="669">Watts,</String>
                  <SP WIDTH="26" VPOS="593" HPOS="830"> </SP>
                  <String WC="0.68599998950958252"
                          CONTENT="1719."
                          HEIGHT="37"
                          WIDTH="96"
                          VPOS="591"
                          HPOS="857">1719.</String>
                  <SP WIDTH="46" VPOS="594" HPOS="954"> </SP>
                  <String WC="0.6966666579246521"
                          CONTENT="Key"
                          HEIGHT="42"
                          WIDTH="84"
                          VPOS="593"
                          HPOS="1001">Key</String>
                  <SP WIDTH="22" VPOS="601" HPOS="1086"> </SP>
                  <String WC="1."
                          CONTENT="of"
                          HEIGHT="34"
                          WIDTH="39"
                          VPOS="589"
                          HPOS="1109">of</String>
                  <SP WIDTH="23" VPOS="584" HPOS="1149"> </SP>
                  <String WC="0."
                          CONTENT="G"
                          HEIGHT="39"
                          WIDTH="34"
                          VPOS="584"
                          HPOS="1173">G</String>
                  <SP WIDTH="21" VPOS="585" HPOS="1208"> </SP>
                  <String WC="0.59166663885116577"
                          CONTENT="Major."
                          HEIGHT="54"
                          WIDTH="138"
                          VPOS="581"
                          HPOS="1230">Major.</String>
               </TextLine>
            </TextBlock>
            <TextBlock ID="Page1_Block3"
                       HEIGHT="168"
                       WIDTH="1052"
                       VPOS="418"
                       HPOS="1552"
                       language="en-US">
               <Shape>
                  <Polygon POINTS="2574,420 2603,420 2603,531 2604,531 2604,572 2577,572 2577,573 2568,573 2568,574 2521,574 2521,575 2510,575 2510,576 2368,576 2368,577 2354,577 2354,578 2322,578 2322,579 2246,579 2246,580 2173,580 2173,581 2131,581 2131,582 1725,582 1725,583 1685,583 1685,584 1620,584 1620,583 1598,583 1598,582 1582,582 1582,581 1569,581 1569,580 1554,580 1554,533 1553,533 1553,509 1552,509 1552,427 1923,427 1923,426 2325,426 2325,425 2351,425 2351,424 2474,424 2474,423 2519,423 2519,422 2543,422 2543,421 2574,421 2574,420"/>
               </Shape>
               <TextLine HEIGHT="75" WIDTH="673" VPOS="430" HPOS="1797">
                  <String WC="0.68111109733581543"
                          CONTENT="PORTUGAL."
                          HEIGHT="73"
                          WIDTH="413"
                          VPOS="432"
                          HPOS="1797">PORTUGAL.</String>
                  <SP WIDTH="74" VPOS="435" HPOS="2211"> </SP>
                  <String WC="1."
                          CONTENT="L."
                          HEIGHT="55"
                          WIDTH="62"
                          VPOS="433"
                          HPOS="2286">L.</String>
                  <SP WIDTH="38" VPOS="435" HPOS="2349"> </SP>
                  <String WC="0.51499998569488525"
                          CONTENT="M."
                          HEIGHT="51"
                          WIDTH="82"
                          VPOS="434"
                          HPOS="2388">M.</String>
               </TextLine>
               <TextLine HEIGHT="51" WIDTH="1035" VPOS="527" HPOS="1561">
                  <String WC="1."
                          CONTENT="“"
                          HEIGHT="12"
                          WIDTH="17"
                          VPOS="549"
                          HPOS="1562">“</String>
                  <SP WIDTH="9" VPOS="550" HPOS="1580"> </SP>
                  <String WC="0.7442857027053833"
                          CONTENT="Blessed"
                          HEIGHT="32"
                          WIDTH="129"
                          VPOS="544"
                          HPOS="1590">Blessed</String>
                  <SP WIDTH="11" VPOS="545" HPOS="1720"> </SP>
                  <String WC="0.77499997615814209"
                          CONTENT="is"
                          HEIGHT="26"
                          WIDTH="28"
                          VPOS="545"
                          HPOS="1732">is</String>
                  <SP WIDTH="9" VPOS="547" HPOS="1761"> </SP>
                  <String WC="0.52999997138977051"
                          CONTENT="the"
                          HEIGHT="26"
                          WIDTH="57"
                          VPOS="545"
                          HPOS="1771">the</String>
                  <SP WIDTH="11" VPOS="551" HPOS="1829"> </SP>
                  <String WC="0.59666669368743896"
                          CONTENT="man"
                          HEIGHT="21"
                          WIDTH="77"
                          VPOS="550"
                          HPOS="1841">man</String>
                  <SP WIDTH="11" VPOS="550" HPOS="1919"> </SP>
                  <String WC="0.81000000238418579"
                          CONTENT="whose"
                          HEIGHT="29"
                          WIDTH="109"
                          VPOS="541"
                          HPOS="1931">whose</String>
                  <SP WIDTH="10" VPOS="547" HPOS="2041"> </SP>
                  <String WC="0.7225000262260437"
                          CONTENT="strength"
                          HEIGHT="37"
                          WIDTH="151"
                          VPOS="536"
                          HPOS="2052">strength</String>
                  <SP WIDTH="11" VPOS="537" HPOS="2203"> </SP>
                  <String WC="0.82999998331069946"
                          CONTENT="is"
                          HEIGHT="27"
                          WIDTH="30"
                          VPOS="536"
                          HPOS="2214">is</String>
                  <SP WIDTH="7" VPOS="536" HPOS="2244"> </SP>
                  <String WC="0.89499998092651367"
                          CONTENT="in"
                          HEIGHT="28"
                          WIDTH="35"
                          VPOS="535"
                          HPOS="2252">in</String>
                  <SP WIDTH="10" VPOS="539" HPOS="2288"> </SP>
                  <String WC="0.82599997520446777"
                          CONTENT="thee.”—Ps."
                          HEIGHT="30"
                          WIDTH="197"
                          VPOS="534"
                          HPOS="2299">thee.”—Ps.</String>
                  <SP WIDTH="11" VPOS="534" HPOS="2497"> </SP>
                  <String WC="0.88999998569488525"
                          CONTENT="84:"
                          HEIGHT="29"
                          WIDTH="45"
                          VPOS="532"
                          HPOS="2509">84:</String>
                  <SP WIDTH="14" VPOS="532" HPOS="2555"> </SP>
                  <String WC="0.68000000715255737"
                          CONTENT="5."
                          HEIGHT="28"
                          WIDTH="26"
                          VPOS="531"
                          HPOS="2570">5.</String>
               </TextLine>
            </TextBlock>
            <TextBlock ID="Page1_Block4"
                       HEIGHT="67"
                       WIDTH="267"
                       VPOS="536"
                       HPOS="3479"
                       language="en-US">
               <Shape>
                  <Polygon POINTS="3711,537 3745,537 3745,538 3746,538 3746,598 3712,598 3712,599 3692,599 3692,600 3628,600 3628,601 3556,601 3556,602 3514,602 3514,603 3480,603 3480,542 3512,542 3512,541 3531,541 3531,540 3594,540 3594,539 3689,539 3689,538 3711,538 3711,537"/>
               </Shape>
               <TextLine HEIGHT="51" WIDTH="251" VPOS="544" HPOS="3487">
                  <String WC="0.476666659116745"
                          CONTENT="Thornton,"
                          HEIGHT="51"
                          WIDTH="251"
                          VPOS="544"
                          HPOS="3487">Thornton,</String>
               </TextLine>
            </TextBlock>
            <TextBlock ID="Page1_Block5"
                       HEIGHT="71"
                       WIDTH="533"
                       VPOS="1087"
                       HPOS="659"
                       language="en-US">
               <Shape>
                  <Polygon POINTS="1129,1091 1141,1091 1141,1092 1191,1092 1191,1127 1192,1127 1192,1153 1131,1153 1131,1154 997,1154 997,1155 932,1155 932,1156 843,1156 843,1157 733,1157 733,1158 724,1158 724,1157 706,1157 706,1156 689,1156 689,1155 672,1155 672,1154 660,1154 660,1128 659,1128 659,1093 1018,1093 1018,1092 1129,1092 1129,1091"/>
               </Shape>
               <TextLine HEIGHT="54" WIDTH="517" VPOS="1096" HPOS="667">
                  <String WC="0.50999999046325684"
                          CONTENT="i."
                          HEIGHT="26"
                          WIDTH="29"
                          VPOS="1117"
                          HPOS="667">i.</String>
                  <SP WIDTH="29" VPOS="1105" HPOS="696"> </SP>
                  <String WC="0.73333334922790527"
                          CONTENT="How"
                          HEIGHT="39"
                          WIDTH="95"
                          VPOS="1104"
                          HPOS="725">How</String>
                  <SP WIDTH="15" VPOS="1115" HPOS="820"> </SP>
                  <String WC="0.875"
                          CONTENT="pleas-ant,"
                          HEIGHT="47"
                          WIDTH="194"
                          VPOS="1101"
                          HPOS="835">pleas-ant,</String>
                  <SP WIDTH="18" VPOS="1102" HPOS="1029"> </SP>
                  <String WC="0.66666668653488159"
                          CONTENT="how"
                          HEIGHT="36"
                          WIDTH="87"
                          VPOS="1101"
                          HPOS="1047">how</String>
                  <SP WIDTH="16" VPOS="1101" HPOS="1134"> </SP>
                  <String WC="1."
                          CONTENT="di"
                          HEIGHT="37"
                          WIDTH="34"
                          VPOS="1099"
                          HPOS="1150">di</String>
               </TextLine>
            </TextBlock>
            <TextBlock ID="Page1_Block6"
                       HEIGHT="120"
                       WIDTH="2471"
                       VPOS="1040"
                       HPOS="1282"
                       language="en-US">
               <Shape>
                  <Polygon POINTS="3711,1053 3752,1053 3752,1127 3753,1127 3753,1133 3712,1133 3712,1134 3694,1134 3694,1135 3579,1135 3579,1136 3514,1136 3514,1137 3504,1137 3504,1138 3471,1138 3471,1139 3315,1139 3315,1140 3296,1140 3296,1141 3248,1141 3248,1142 3137,1142 3137,1143 3117,1143 3117,1144 2667,1144 2667,1145 2580,1145 2580,1146 2575,1146 2575,1147 2521,1147 2521,1148 2357,1148 2357,1149 2322,1149 2322,1150 2272,1150 2272,1151 2134,1151 2134,1152 2124,1152 2124,1153 1687,1153 1687,1154 1626,1154 1626,1153 1601,1153 1601,1152 1583,1152 1583,1151 1570,1151 1570,1150 1446,1150 1446,1149 1418,1149 1418,1148 1402,1148 1402,1147 1388,1147 1388,1146 1375,1146 1375,1145 1360,1145 1360,1144 1302,1144 1302,1143 1284,1143 1284,1128 1283,1128 1283,1064 2712,1064 2712,1063 2718,1063 2718,1062 2800,1062 2800,1061 3314,1061 3314,1060 3392,1060 3392,1059 3469,1059 3469,1058 3512,1058 3512,1057 3529,1057 3529,1056 3605,1056 3605,1055 3692,1055 3692,1054 3711,1054 3711,1053"/>
               </Shape>
               <TextLine HEIGHT="103" WIDTH="2454" VPOS="1048" HPOS="1290">
                  <String WC="1."
                          CONTENT="vine"
                          HEIGHT="40"
                          WIDTH="86"
                          VPOS="1097"
                          HPOS="1290">vine</String>
                  <SP WIDTH="32" VPOS="1109" HPOS="1376"> </SP>
                  <String WC="0.61000001430511475"
                          CONTENT="-"
                          HEIGHT="7"
                          WIDTH="15"
                          VPOS="1117"
                          HPOS="1408">-</String>
                  <SP WIDTH="32" VPOS="1096" HPOS="1424"> </SP>
                  <String WC="0.65499997138977051"
                          CONTENT="ly"
                          HEIGHT="44"
                          WIDTH="38"
                          VPOS="1096"
                          HPOS="1456">ly</String>
                  <SP WIDTH="29" VPOS="1096" HPOS="1494"> </SP>
                  <String WC="0.63599997758865356"
                          CONTENT="fair,"
                          HEIGHT="46"
                          WIDTH="82"
                          VPOS="1093"
                          HPOS="1523">fair,</String>
                  <SP WIDTH="30" VPOS="1091" HPOS="1605"> </SP>
                  <String WC="0.54000002145767212"
                          CONTENT="O"
                          HEIGHT="38"
                          WIDTH="40"
                          VPOS="1092"
                          HPOS="1635">O</String>
                  <SP WIDTH="18" VPOS="1092" HPOS="1675"> </SP>
                  <String WC="0.94499999284744263"
                          CONTENT="Lord"
                          HEIGHT="38"
                          WIDTH="94"
                          VPOS="1091"
                          HPOS="1693">Lord</String>
                  <SP WIDTH="14" VPOS="1092" HPOS="1788"> </SP>
                  <String WC="0.87999999523162842"
                          CONTENT="of"
                          HEIGHT="35"
                          WIDTH="37"
                          VPOS="1092"
                          HPOS="1803">of</String>
                  <SP WIDTH="26" VPOS="1091" HPOS="1841"> </SP>
                  <String WC="0.71333330869674683"
                          CONTENT="hosts,"
                          HEIGHT="45"
                          WIDTH="121"
                          VPOS="1089"
                          HPOS="1868">hosts,</String>
                  <SP WIDTH="45" VPOS="1085" HPOS="1989"> </SP>
                  <String WC="0.91333335638046265"
                          CONTENT="Thy"
                          HEIGHT="44"
                          WIDTH="86"
                          VPOS="1087"
                          HPOS="2034">Thy</String>
                  <SP WIDTH="60" VPOS="1086" HPOS="2120"> </SP>
                  <String WC="0.8619999885559082"
                          CONTENT="dwell"
                          HEIGHT="37"
                          WIDTH="104"
                          VPOS="1084"
                          HPOS="2180">dwell</String>
                  <SP WIDTH="17" VPOS="1084" HPOS="2285"> </SP>
                  <String WC="0.61000001430511475"
                          CONTENT="-"
                          HEIGHT="7"
                          WIDTH="12"
                          VPOS="1103"
                          HPOS="2303">-</String>
                  <SP WIDTH="15" VPOS="1083" HPOS="2316"> </SP>
                  <String WC="1."
                          CONTENT="ings"
                          HEIGHT="46"
                          WIDTH="83"
                          VPOS="1081"
                          HPOS="2332">ings</String>
                  <SP WIDTH="83" VPOS="1092" HPOS="2415"> </SP>
                  <String WC="1."
                          CONTENT="are!"
                          HEIGHT="36"
                          WIDTH="72"
                          VPOS="1081"
                          HPOS="2499">are!</String>
                  <SP WIDTH="87" VPOS="1078" HPOS="2572"> </SP>
                  <String WC="0.90499997138977051"
                          CONTENT="With"
                          HEIGHT="42"
                          WIDTH="104"
                          VPOS="1074"
                          HPOS="2660">With</String>
                  <SP WIDTH="17" VPOS="1074" HPOS="2765"> </SP>
                  <String WC="0.64249998331069946"
                          CONTENT="long"
                          HEIGHT="45"
                          WIDTH="85"
                          VPOS="1074"
                          HPOS="2783">long</String>
                  <SP WIDTH="45" VPOS="1072" HPOS="2869"> </SP>
                  <String WC="1."
                          CONTENT="de"
                          HEIGHT="36"
                          WIDTH="43"
                          VPOS="1073"
                          HPOS="2915">de</String>
                  <SP WIDTH="46" VPOS="1085" HPOS="2959"> </SP>
                  <String WC="1."
                          CONTENT="*"
                          HEIGHT="12"
                          WIDTH="11"
                          VPOS="1087"
                          HPOS="3006">*</String>
                  <SP WIDTH="45" VPOS="1081" HPOS="3018"> </SP>
                  <String WC="0.93000000715255737"
                          CONTENT="sire"
                          HEIGHT="37"
                          WIDTH="69"
                          VPOS="1070"
                          HPOS="3064">sire</String>
                  <SP WIDTH="47" VPOS="1077" HPOS="3134"> </SP>
                  <String WC="0.63499999046325684"
                          CONTENT="my"
                          HEIGHT="36"
                          WIDTH="61"
                          VPOS="1077"
                          HPOS="3182">my</String>
                  <SP WIDTH="104" VPOS="1078" HPOS="3244"> </SP>
                  <String WC="0.84249997138977051"
                          CONTENT="spir"
                          HEIGHT="44"
                          WIDTH="73"
                          VPOS="1068"
                          HPOS="3349">spir</String>
                  <SP WIDTH="22" VPOS="1077" HPOS="3423"> </SP>
                  <String WC="1."
                          CONTENT="-"
                          HEIGHT="7"
                          WIDTH="12"
                          VPOS="1086"
                          HPOS="3446">-</String>
                  <SP WIDTH="24" VPOS="1067" HPOS="3459"> </SP>
                  <String WC="0.55500000715255737"
                          CONTENT="it"
                          HEIGHT="39"
                          WIDTH="27"
                          VPOS="1065"
                          HPOS="3484">it</String>
                  <SP WIDTH="103" VPOS="1066" HPOS="3512"> </SP>
                  <String WC="0.7442857027053833"
                          CONTENT="faints,"
                          HEIGHT="45"
                          WIDTH="127"
                          VPOS="1063"
                          HPOS="3616">faints,</String>
               </TextLine>
            </TextBlock>
            <ComposedBlock ID="Page1_Block7"
                           HEIGHT="302"
                           WIDTH="1937"
                           VPOS="1824"
                           HPOS="1910"
                           TYPE="container">
               <Shape>
                  <Polygon POINTS="3711,1831 3736,1831 3736,1832 3843,1832 3843,1846 3844,1846 3844,1921 3845,1921 3845,2071 3846,2071 3846,2104 3828,2104 3828,2105 3698,2105 3698,2106 3661,2106 3661,2107 3556,2107 3556,2108 3514,2108 3514,2109 3475,2109 3475,2110 3397,2110 3397,2111 3252,2111 3252,2112 3117,2112 3117,2113 3089,2113 3089,2114 3029,2114 3029,2115 2807,2115 2807,2116 2124,2116 2124,2117 2064,2117 2064,2116 2038,2116 2038,2115 2016,2115 2016,2114 1913,2114 1913,2103 1914,2103 1914,2073 1913,2073 1913,1923 1912,1923 1912,1850 1911,1850 1911,1844 1913,1844 1913,1843 1923,1843 1923,1842 2718,1842 2718,1841 3128,1841 3128,1840 3250,1840 3250,1839 3314,1839 3314,1838 3438,1838 3438,1837 3473,1837 3473,1836 3512,1836 3512,1835 3570,1835 3570,1834 3668,1834 3668,1833 3695,1833 3695,1832 3711,1832 3711,1831"/>
               </Shape>
               <TextBlock ID="Page1_Block8"
                          HEIGHT="285"
                          WIDTH="855"
                          VPOS="1839"
                          HPOS="1910"
                          language="en-US">
                  <Shape>
                     <Polygon POINTS="1923,1847 2762,1847 2762,1851 2763,1851 2763,1921 2764,1921 2764,1938 2763,1938 2763,2077 2764,2077 2764,2115 2719,2115 2719,2116 2124,2116 2124,2117 2064,2117 2064,2116 2038,2116 2038,2115 2016,2115 2016,2114 1913,2114 1913,2103 1914,2103 1914,2073 1913,2073 1913,1923 1912,1923 1912,1850 1911,1850 1911,1849 1913,1849 1913,1848 1923,1848 1923,1847"/>
                  </Shape>
                  <TextLine HEIGHT="67" WIDTH="788" VPOS="1848" HPOS="1919">
                     <String WC="1."
                             CONTENT="2"
                             HEIGHT="26"
                             WIDTH="21"
                             VPOS="1877"
                             HPOS="1919">2</String>
                     <SP WIDTH="26" VPOS="1864" HPOS="1941"> </SP>
                     <String WC="0.67000001668930054"
                             CONTENT="My"
                             HEIGHT="45"
                             WIDTH="65"
                             VPOS="1865"
                             HPOS="1968">My</String>
                     <SP WIDTH="15" VPOS="1864" HPOS="2034"> </SP>
                     <String WC="0.93199998140335083"
                             CONTENT="flesh"
                             HEIGHT="40"
                             WIDTH="91"
                             VPOS="1861"
                             HPOS="2050">flesh</String>
                     <SP WIDTH="16" VPOS="1862" HPOS="2142"> </SP>
                     <String WC="1."
                             CONTENT="would"
                             HEIGHT="38"
                             WIDTH="121"
                             VPOS="1861"
                             HPOS="2159">would</String>
                     <SP WIDTH="16" VPOS="1862" HPOS="2281"> </SP>
                     <String WC="0.73000001907348633"
                             CONTENT="rest"
                             HEIGHT="38"
                             WIDTH="74"
                             VPOS="1861"
                             HPOS="2298">rest</String>
                     <SP WIDTH="13" VPOS="1858" HPOS="2373"> </SP>
                     <String WC="0.73500001430511475"
                             CONTENT="in"
                             HEIGHT="36"
                             WIDTH="36"
                             VPOS="1859"
                             HPOS="2387">in</String>
                     <SP WIDTH="17" VPOS="1856" HPOS="2424"> </SP>
                     <String WC="0.77999997138977051"
                             CONTENT="Thine"
                             HEIGHT="40"
                             WIDTH="119"
                             VPOS="1855"
                             HPOS="2442">Thine</String>
                     <SP WIDTH="16" VPOS="1867" HPOS="2562"> </SP>
                     <String WC="0.88666665554046631"
                             CONTENT="abode,"
                             HEIGHT="46"
                             WIDTH="128"
                             VPOS="1855"
                             HPOS="2579">abode,</String>
                  </TextLine>
                  <TextLine HEIGHT="65" WIDTH="736" VPOS="1916" HPOS="1978">
                     <String WC="0.60000002384185791"
                             CONTENT="My"
                             HEIGHT="45"
                             WIDTH="66"
                             VPOS="1932"
                             HPOS="1979">My</String>
                     <SP WIDTH="13" VPOS="1943" HPOS="2046"> </SP>
                     <String WC="0.98285716772079468"
                             CONTENT="panting"
                             HEIGHT="46"
                             WIDTH="152"
                             VPOS="1930"
                             HPOS="2060">panting</String>
                     <SP WIDTH="17" VPOS="1930" HPOS="2213"> </SP>
                     <String WC="0.88400000333786011"
                             CONTENT="heart"
                             HEIGHT="36"
                             WIDTH="103"
                             VPOS="1929"
                             HPOS="2231">heart</String>
                     <SP WIDTH="14" VPOS="1930" HPOS="2335"> </SP>
                     <String WC="0.80800002813339233"
                             CONTENT="cries"
                             HEIGHT="36"
                             WIDTH="89"
                             VPOS="1927"
                             HPOS="2350">cries</String>
                     <SP WIDTH="15" VPOS="1936" HPOS="2440"> </SP>
                     <String WC="0.82666665315628052"
                             CONTENT="out"
                             HEIGHT="33"
                             WIDTH="65"
                             VPOS="1928"
                             HPOS="2456">out</String>
                     <SP WIDTH="13" VPOS="1924" HPOS="2522"> </SP>
                     <String WC="1."
                             CONTENT="for"
                             HEIGHT="36"
                             WIDTH="55"
                             VPOS="1923"
                             HPOS="2536">for</String>
                     <SP WIDTH="16" VPOS="1922" HPOS="2592"> </SP>
                     <String WC="0.85750001668930054"
                             CONTENT="God;"
                             HEIGHT="44"
                             WIDTH="105"
                             VPOS="1922"
                             HPOS="2609">God;</String>
                  </TextLine>
                  <TextLine HEIGHT="69" WIDTH="775" VPOS="1980" HPOS="1979">
                     <String WC="1."
                             CONTENT="My"
                             HEIGHT="44"
                             WIDTH="66"
                             VPOS="1999"
                             HPOS="1979">My</String>
                     <SP WIDTH="16" VPOS="1997" HPOS="2046"> </SP>
                     <String WC="0.78333336114883423"
                             CONTENT="God"
                             HEIGHT="39"
                             WIDTH="84"
                             VPOS="1996"
                             HPOS="2063">God</String>
                     <SP WIDTH="14" VPOS="1998" HPOS="2148"> </SP>
                     <String WC="1."
                             CONTENT="!"
                             HEIGHT="33"
                             WIDTH="7"
                             VPOS="1999"
                             HPOS="2163">!</String>
                     <SP WIDTH="26" VPOS="1999" HPOS="2171"> </SP>
                     <String WC="0.81499999761581421"
                             CONTENT="my"
                             HEIGHT="32"
                             WIDTH="62"
                             VPOS="2008"
                             HPOS="2198">my</String>
                     <SP WIDTH="17" VPOS="1996" HPOS="2261"> </SP>
                     <String WC="0.83749997615814209"
                             CONTENT="King"
                             HEIGHT="45"
                             WIDTH="95"
                             VPOS="1994"
                             HPOS="2279">King</String>
                     <SP WIDTH="14" VPOS="1995" HPOS="2375"> </SP>
                     <String WC="1."
                             CONTENT="!"
                             HEIGHT="34"
                             WIDTH="7"
                             VPOS="1995"
                             HPOS="2390">!</String>
                     <SP WIDTH="24" VPOS="1995" HPOS="2398"> </SP>
                     <String WC="0.87000000476837158"
                             CONTENT="why"
                             HEIGHT="44"
                             WIDTH="90"
                             VPOS="1992"
                             HPOS="2423">why</String>
                     <SP WIDTH="16" VPOS="2002" HPOS="2514"> </SP>
                     <String WC="1."
                             CONTENT="should"
                             HEIGHT="37"
                             WIDTH="130"
                             VPOS="1990"
                             HPOS="2531">should</String>
                     <SP WIDTH="18" VPOS="1989" HPOS="2662"> </SP>
                     <String WC="0.73000001907348633"
                             CONTENT="I"
                             HEIGHT="36"
                             WIDTH="12"
                             VPOS="1989"
                             HPOS="2681">I</String>
                     <SP WIDTH="16" VPOS="1988" HPOS="2694"> </SP>
                     <String WC="1."
                             CONTENT="be"
                             HEIGHT="38"
                             WIDTH="43"
                             VPOS="1988"
                             HPOS="2711">be</String>
                  </TextLine>
                  <TextLine HEIGHT="62" WIDTH="705" VPOS="2050" HPOS="1979">
                     <String WC="1."
                             CONTENT="So"
                             HEIGHT="38"
                             WIDTH="49"
                             VPOS="2066"
                             HPOS="1979">So</String>
                     <SP WIDTH="15" VPOS="2067" HPOS="2028"> </SP>
                     <String WC="0.77999997138977051"
                             CONTENT="far"
                             HEIGHT="35"
                             WIDTH="57"
                             VPOS="2067"
                             HPOS="2043">far</String>
                     <SP WIDTH="15" VPOS="2067" HPOS="2100"> </SP>
                     <String WC="0.57249999046325684"
                             CONTENT="from"
                             HEIGHT="36"
                             WIDTH="94"
                             VPOS="2065"
                             HPOS="2115">from</String>
                     <SP WIDTH="16" VPOS="2074" HPOS="2210"> </SP>
                     <String WC="0.74000000953674316"
                             CONTENT="all"
                             HEIGHT="36"
                             WIDTH="48"
                             VPOS="2063"
                             HPOS="2226">all</String>
                     <SP WIDTH="18" VPOS="2063" HPOS="2274"> </SP>
                     <String WC="0.79500001668930054"
                             CONTENT="my"
                             HEIGHT="33"
                             WIDTH="63"
                             VPOS="2073"
                             HPOS="2292">my</String>
                     <SP WIDTH="14" VPOS="2061" HPOS="2355"> </SP>
                     <String WC="0.98500001430511475"
                             CONTENT="joys"
                             HEIGHT="45"
                             WIDTH="85"
                             VPOS="2061"
                             HPOS="2369">joys</String>
                     <SP WIDTH="17" VPOS="2071" HPOS="2454"> </SP>
                     <String WC="0.77999997138977051"
                             CONTENT="and"
                             HEIGHT="37"
                             WIDTH="72"
                             VPOS="2059"
                             HPOS="2471">and</String>
                     <SP WIDTH="17" VPOS="2058" HPOS="2543"> </SP>
                     <String WC="0.98600000143051147"
                             CONTENT="Thee!"
                             HEIGHT="38"
                             WIDTH="124"
                             VPOS="2057"
                             HPOS="2560">Thee!</String>
                  </TextLine>
               </TextBlock>
               <TextBlock ID="Page1_Block9"
                          HEIGHT="273"
                          WIDTH="957"
                          VPOS="1831"
                          HPOS="2889"
                          language="en-US">
                  <Shape>
                     <Polygon POINTS="3711,1831 3736,1831 3736,1832 3843,1832 3843,1846 3844,1846 3844,1921 3845,1921 3845,2071 3846,2071 3846,2091 3845,2091 3845,2092 3712,2092 3712,2093 3698,2093 3698,2094 3641,2094 3641,2095 3533,2095 3533,2096 3514,2096 3514,2097 3475,2097 3475,2098 3315,2098 3315,2099 3182,2099 3182,2100 3117,2100 3117,2101 3080,2101 3080,2102 3029,2102 3029,2103 2893,2103 2893,2102 2892,2102 2892,2079 2891,2079 2891,1923 2890,1923 2890,1922 2891,1922 2891,1854 2890,1854 2890,1843 2891,1843 2891,1842 2916,1842 2916,1841 3128,1841 3128,1840 3250,1840 3250,1839 3314,1839 3314,1838 3438,1838 3438,1837 3473,1837 3473,1836 3512,1836 3512,1835 3570,1835 3570,1834 3668,1834 3668,1833 3695,1833 3695,1832 3711,1832 3711,1831"/>
                  </Shape>
                  <TextLine HEIGHT="58" WIDTH="838" VPOS="1839" HPOS="2899">
                     <String WC="1."
                             CONTENT="4"
                             HEIGHT="35"
                             WIDTH="22"
                             VPOS="1861"
                             HPOS="2899">4</String>
                     <SP WIDTH="23" VPOS="1850" HPOS="2922"> </SP>
                     <String WC="1."
                             CONTENT="Blest"
                             HEIGHT="38"
                             WIDTH="101"
                             VPOS="1849"
                             HPOS="2946">Blest</String>
                     <SP WIDTH="15" VPOS="1853" HPOS="3048"> </SP>
                     <String WC="0.95333331823348999"
                             CONTENT="are"
                             HEIGHT="27"
                             WIDTH="59"
                             VPOS="1859"
                             HPOS="3064">are</String>
                     <SP WIDTH="15" VPOS="1851" HPOS="3124"> </SP>
                     <String WC="1."
                             CONTENT="the"
                             HEIGHT="36"
                             WIDTH="62"
                             VPOS="1849"
                             HPOS="3140">the</String>
                     <SP WIDTH="17" VPOS="1859" HPOS="3203"> </SP>
                     <String WC="0.95333331823348999"
                             CONTENT="men"
                             HEIGHT="26"
                             WIDTH="81"
                             VPOS="1858"
                             HPOS="3221">men</String>
                     <SP WIDTH="15" VPOS="1857" HPOS="3303"> </SP>
                     <String WC="0.9440000057220459"
                             CONTENT="whose"
                             HEIGHT="37"
                             WIDTH="127"
                             VPOS="1845"
                             HPOS="3319">whose</String>
                     <SP WIDTH="15" VPOS="1845" HPOS="3447"> </SP>
                     <String WC="0.99000000953674316"
                             CONTENT="hearts"
                             HEIGHT="41"
                             WIDTH="124"
                             VPOS="1842"
                             HPOS="3463">hearts</String>
                     <SP WIDTH="14" VPOS="1853" HPOS="3588"> </SP>
                     <String WC="1."
                             CONTENT="are"
                             HEIGHT="26"
                             WIDTH="60"
                             VPOS="1852"
                             HPOS="3603">are</String>
                     <SP WIDTH="15" VPOS="1852" HPOS="3664"> </SP>
                     <String WC="0.94999998807907104"
                             CONTENT="set"
                             HEIGHT="37"
                             WIDTH="57"
                             VPOS="1842"
                             HPOS="3680">set</String>
                  </TextLine>
                  <TextLine HEIGHT="54" WIDTH="647" VPOS="1908" HPOS="2946">
                     <String WC="1."
                             CONTENT="To"
                             HEIGHT="37"
                             WIDTH="55"
                             VPOS="1917"
                             HPOS="2946">To</String>
                     <SP WIDTH="15" VPOS="1918" HPOS="3002"> </SP>
                     <String WC="0.98000001907348633"
                             CONTENT="find"
                             HEIGHT="36"
                             WIDTH="76"
                             VPOS="1917"
                             HPOS="3017">find</String>
                     <SP WIDTH="15" VPOS="1917" HPOS="3093"> </SP>
                     <String WC="0.8033333420753479"
                             CONTENT="the"
                             HEIGHT="39"
                             WIDTH="64"
                             VPOS="1915"
                             HPOS="3108">the</String>
                     <SP WIDTH="14" VPOS="1926" HPOS="3173"> </SP>
                     <String WC="0.76666665077209473"
                             CONTENT="way"
                             HEIGHT="33"
                             WIDTH="86"
                             VPOS="1925"
                             HPOS="3188">way</String>
                     <SP WIDTH="14" VPOS="1916" HPOS="3274"> </SP>
                     <String WC="0.8399999737739563"
                             CONTENT="to"
                             HEIGHT="35"
                             WIDTH="38"
                             VPOS="1915"
                             HPOS="3288">to</String>
                     <SP WIDTH="18" VPOS="1911" HPOS="3326"> </SP>
                     <String WC="1."
                             CONTENT="Zion’s"
                             HEIGHT="36"
                             WIDTH="127"
                             VPOS="1911"
                             HPOS="3344">Zion’s</String>
                     <SP WIDTH="16" VPOS="1922" HPOS="3472"> </SP>
                     <String WC="0.89200001955032349"
                             CONTENT="gate;"
                             HEIGHT="44"
                             WIDTH="105"
                             VPOS="1912"
                             HPOS="3488">gate;</String>
                  </TextLine>
                  <TextLine HEIGHT="56" WIDTH="888" VPOS="1972" HPOS="2948">
                     <String WC="0.95666664838790894"
                             CONTENT="God"
                             HEIGHT="38"
                             WIDTH="85"
                             VPOS="1983"
                             HPOS="2948">God</String>
                     <SP WIDTH="16" VPOS="1984" HPOS="3034"> </SP>
                     <String WC="0.88999998569488525"
                             CONTENT="is"
                             HEIGHT="35"
                             WIDTH="30"
                             VPOS="1983"
                             HPOS="3051">is</String>
                     <SP WIDTH="11" VPOS="1986" HPOS="3082"> </SP>
                     <String WC="0.91399997472763062"
                             CONTENT="their"
                             HEIGHT="38"
                             WIDTH="94"
                             VPOS="1981"
                             HPOS="3094">their</String>
                     <SP WIDTH="11" VPOS="1993" HPOS="3189"> </SP>
                     <String WC="0.95249998569488525"
                             CONTENT="strength"
                             HEIGHT="45"
                             WIDTH="166"
                             VPOS="1979"
                             HPOS="3201">strength</String>
                     <SP WIDTH="14" VPOS="1980" HPOS="3368"> </SP>
                     <String WC="0.68999999761581421"
                             CONTENT=";"
                             HEIGHT="31"
                             WIDTH="9"
                             VPOS="1991"
                             HPOS="3383">;</String>
                     <SP WIDTH="19" VPOS="1990" HPOS="3393"> </SP>
                     <String WC="1."
                             CONTENT="and"
                             HEIGHT="36"
                             WIDTH="72"
                             VPOS="1978"
                             HPOS="3413">and</String>
                     <SP WIDTH="14" VPOS="1978" HPOS="3486"> </SP>
                     <String WC="0.87428569793701172"
                             CONTENT="through"
                             HEIGHT="46"
                             WIDTH="159"
                             VPOS="1976"
                             HPOS="3501">through</String>
                     <SP WIDTH="12" VPOS="1976" HPOS="3661"> </SP>
                     <String WC="0.62000000476837158"
                             CONTENT="the"
                             HEIGHT="39"
                             WIDTH="63"
                             VPOS="1973"
                             HPOS="3674">the</String>
                     <SP WIDTH="11" VPOS="1984" HPOS="3738"> </SP>
                     <String WC="0.80000001192092896"
                             CONTENT="road"
                             HEIGHT="36"
                             WIDTH="86"
                             VPOS="1973"
                             HPOS="3750">road</String>
                  </TextLine>
                  <TextLine HEIGHT="53" WIDTH="714" VPOS="2041" HPOS="2948">
                     <String WC="1."
                             CONTENT="They"
                             HEIGHT="44"
                             WIDTH="108"
                             VPOS="2050"
                             HPOS="2948">They</String>
                     <SP WIDTH="16" VPOS="2049" HPOS="3056"> </SP>
                     <String WC="0.85500001907348633"
                             CONTENT="lean"
                             HEIGHT="38"
                             WIDTH="80"
                             VPOS="2047"
                             HPOS="3072">lean</String>
                     <SP WIDTH="18" VPOS="2059" HPOS="3152"> </SP>
                     <String WC="0.75499999523162842"
                             CONTENT="upon"
                             HEIGHT="34"
                             WIDTH="98"
                             VPOS="2057"
                             HPOS="3170">upon</String>
                     <SP WIDTH="18" VPOS="2049" HPOS="3268"> </SP>
                     <String WC="1."
                             CONTENT="their"
                             HEIGHT="39"
                             WIDTH="94"
                             VPOS="2045"
                             HPOS="3286">their</String>
                     <SP WIDTH="18" VPOS="2046" HPOS="3380"> </SP>
                     <String WC="0.87999999523162842"
                             CONTENT="Helper,"
                             HEIGHT="47"
                             WIDTH="146"
                             VPOS="2043"
                             HPOS="3398">Helper,</String>
                     <SP WIDTH="19" VPOS="2041" HPOS="3544"> </SP>
                     <String WC="0.88749998807907104"
                             CONTENT="God."
                             HEIGHT="37"
                             WIDTH="99"
                             VPOS="2041"
                             HPOS="3563">God.</String>
                  </TextLine>
               </TextBlock>
            </ComposedBlock>
            <TextBlock ID="Page1_Block10"
                       HEIGHT="104"
                       WIDTH="1107"
                       VPOS="2142"
                       HPOS="707"
                       language="en-US">
               <Shape>
                  <Polygon POINTS="1023,2151 1196,2151 1196,2152 1222,2152 1222,2153 1264,2153 1264,2154 1339,2154 1339,2155 1363,2155 1363,2156 1381,2156 1381,2157 1394,2157 1394,2158 1408,2158 1408,2159 1530,2159 1530,2160 1560,2160 1560,2161 1577,2161 1577,2162 1592,2162 1592,2163 1814,2163 1814,2236 1726,2236 1726,2237 1692,2237 1692,2238 1657,2238 1657,2237 1617,2237 1617,2236 1596,2236 1596,2235 1580,2235 1580,2234 1440,2234 1440,2233 1421,2233 1421,2232 1407,2232 1407,2231 1394,2231 1394,2230 1380,2230 1380,2229 1363,2229 1363,2228 779,2228 779,2227 725,2227 725,2226 707,2226 707,2153 970,2153 970,2152 1023,2152 1023,2151"/>
               </Shape>
               <TextLine HEIGHT="87" WIDTH="1090" VPOS="2150" HPOS="715">
                  <String WC="1."
                          CONTENT="To"
                          HEIGHT="39"
                          WIDTH="53"
                          VPOS="2180"
                          HPOS="715">To</String>
                  <SP WIDTH="17" VPOS="2192" HPOS="769"> </SP>
                  <String WC="0.89499998092651367"
                          CONTENT="meet"
                          HEIGHT="34"
                          WIDTH="94"
                          VPOS="2183"
                          HPOS="787">meet</String>
                  <SP WIDTH="19" VPOS="2183" HPOS="882"> </SP>
                  <String WC="0.97000002861022949"
                          CONTENT="th"
                          HEIGHT="37"
                          WIDTH="40"
                          VPOS="2179"
                          HPOS="902">th</String>
                  <SP WIDTH="14" VPOS="2178" HPOS="943"> </SP>
                  <String WC="1."
                          CONTENT="’as"
                          HEIGHT="36"
                          WIDTH="53"
                          VPOS="2178"
                          HPOS="958">’as</String>
                  <SP WIDTH="23" VPOS="2189" HPOS="1012"> </SP>
                  <String WC="0.62999999523162842"
                          CONTENT="-"
                          HEIGHT="7"
                          WIDTH="12"
                          VPOS="2197"
                          HPOS="1036">-</String>
                  <SP WIDTH="24" VPOS="2189" HPOS="1049"> </SP>
                  <String WC="0.67000001668930054"
                          CONTENT="sem"
                          HEIGHT="26"
                          WIDTH="76"
                          VPOS="2188"
                          HPOS="1074">sem</String>
                  <SP WIDTH="45" VPOS="2188" HPOS="1151"> </SP>
                  <String WC="1."
                          CONTENT="-"
                          HEIGHT="7"
                          WIDTH="14"
                          VPOS="2196"
                          HPOS="1197">-</String>
                  <SP WIDTH="45" VPOS="2174" HPOS="1212"> </SP>
                  <String WC="0.90600001811981201"
                          CONTENT="blies"
                          HEIGHT="39"
                          WIDTH="88"
                          VPOS="2175"
                          HPOS="1258">blies</String>
                  <SP WIDTH="106" VPOS="2179" HPOS="1347"> </SP>
                  <String WC="0.54500001668930054"
                          CONTENT="of"
                          HEIGHT="38"
                          WIDTH="37"
                          VPOS="2173"
                          HPOS="1454">of</String>
                  <SP WIDTH="77" VPOS="2168" HPOS="1492"> </SP>
                  <String WC="0.9100000262260437"
                          CONTENT="Thy"
                          HEIGHT="46"
                          WIDTH="88"
                          VPOS="2170"
                          HPOS="1570">Thy</String>
                  <SP WIDTH="15" VPOS="2182" HPOS="1659"> </SP>
                  <String WC="0.83714288473129272"
                          CONTENT="saints."
                          HEIGHT="38"
                          WIDTH="130"
                          VPOS="2171"
                          HPOS="1675">saints.</String>
               </TextLine>
            </TextBlock>
            <ComposedBlock ID="Page1_Block11"
                           HEIGHT="307"
                           WIDTH="1915"
                           VPOS="2167"
                           HPOS="1931"
                           TYPE="container">
               <Shape>
                  <Polygon POINTS="3711,2178 3845,2178 3845,2319 3846,2319 3846,2455 3712,2455 3712,2456 3699,2456 3699,2457 3636,2457 3636,2458 3514,2458 3514,2459 3497,2459 3497,2460 3477,2460 3477,2461 3117,2461 3117,2462 3094,2462 3094,2463 3056,2463 3056,2464 3031,2464 3031,2465 3003,2465 3003,2466 2808,2466 2808,2467 2759,2467 2759,2466 2703,2466 2703,2465 2513,2465 2513,2464 2049,2464 2049,2463 2028,2463 2028,2462 2010,2462 2010,2461 1989,2461 1989,2460 1962,2460 1962,2459 1933,2459 1933,2320 1932,2320 1932,2295 1931,2295 1931,2185 3194,2185 3194,2184 3314,2184 3314,2183 3474,2183 3474,2182 3512,2182 3512,2181 3589,2181 3589,2180 3696,2180 3696,2179 3711,2179 3711,2178"/>
               </Shape>
               <TextBlock ID="Page1_Block12"
                          HEIGHT="290"
                          WIDTH="926"
                          VPOS="2184"
                          HPOS="1931"
                          language="en-US">
                  <Shape>
                     <Polygon POINTS="1931,2193 1984,2193 1984,2194 2402,2194 2402,2195 2671,2195 2671,2196 2809,2196 2809,2197 2855,2197 2855,2301 2856,2301 2856,2319 2857,2319 2857,2466 2808,2466 2808,2467 2759,2467 2759,2466 2703,2466 2703,2465 2513,2465 2513,2464 2049,2464 2049,2463 2028,2463 2028,2462 2010,2462 2010,2461 1989,2461 1989,2460 1962,2460 1962,2459 1933,2459 1933,2320 1932,2320 1932,2295 1931,2295 1931,2193"/>
                  </Shape>
                  <TextLine HEIGHT="73" WIDTH="765" VPOS="2194" HPOS="1939">
                     <String WC="0.27000001072883606"
                             CONTENT="3"
                             HEIGHT="32"
                             WIDTH="15"
                             VPOS="2225"
                             HPOS="1939">3</String>
                     <SP WIDTH="27" VPOS="2212" HPOS="1955"> </SP>
                     <String WC="0.78799998760223389"
                             CONTENT="Blest"
                             HEIGHT="40"
                             WIDTH="101"
                             VPOS="2212"
                             HPOS="1983">Blest</String>
                     <SP WIDTH="15" VPOS="2216" HPOS="2085"> </SP>
                     <String WC="0.98000001907348633"
                             CONTENT="are"
                             HEIGHT="26"
                             WIDTH="58"
                             VPOS="2222"
                             HPOS="2101">are</String>
                     <SP WIDTH="15" VPOS="2213" HPOS="2160"> </SP>
                     <String WC="0.95333331823348999"
                             CONTENT="the"
                             HEIGHT="36"
                             WIDTH="63"
                             VPOS="2211"
                             HPOS="2176">the</String>
                     <SP WIDTH="16" VPOS="2220" HPOS="2240"> </SP>
                     <String WC="0.93000000715255737"
                             CONTENT="souls"
                             HEIGHT="37"
                             WIDTH="100"
                             VPOS="2208"
                             HPOS="2257">souls</String>
                     <SP WIDTH="15" VPOS="2210" HPOS="2358"> </SP>
                     <String WC="0.84500002861022949"
                             CONTENT="that"
                             HEIGHT="37"
                             WIDTH="82"
                             VPOS="2207"
                             HPOS="2374">that</String>
                     <SP WIDTH="13" VPOS="2204" HPOS="2457"> </SP>
                     <String WC="0.75999999046325684"
                             CONTENT="find"
                             HEIGHT="38"
                             WIDTH="76"
                             VPOS="2203"
                             HPOS="2471">find</String>
                     <SP WIDTH="15" VPOS="2204" HPOS="2548"> </SP>
                     <String WC="1."
                             CONTENT="a"
                             HEIGHT="25"
                             WIDTH="22"
                             VPOS="2214"
                             HPOS="2564">a</String>
                     <SP WIDTH="17" VPOS="2213" HPOS="2587"> </SP>
                     <String WC="0.80000001192092896"
                             CONTENT="place"
                             HEIGHT="46"
                             WIDTH="99"
                             VPOS="2202"
                             HPOS="2605">place</String>
                  </TextLine>
                  <TextLine HEIGHT="60" WIDTH="674" VPOS="2265" HPOS="1984">
                     <String WC="0.75166666507720947"
                             CONTENT="Within"
                             HEIGHT="46"
                             WIDTH="144"
                             VPOS="2275"
                             HPOS="1984">Within</String>
                     <SP WIDTH="18" VPOS="2281" HPOS="2127"> </SP>
                     <String WC="0.87999999523162842"
                             CONTENT="the"
                             HEIGHT="36"
                             WIDTH="64"
                             VPOS="2278"
                             HPOS="2145">the</String>
                     <SP WIDTH="16" VPOS="2280" HPOS="2209"> </SP>
                     <String WC="0.91333335638046265"
                             CONTENT="temple"
                             HEIGHT="44"
                             WIDTH="134"
                             VPOS="2275"
                             HPOS="2225">temple</String>
                     <SP WIDTH="17" VPOS="2284" HPOS="2358"> </SP>
                     <String WC="0.86500000953674316"
                             CONTENT="of"
                             HEIGHT="36"
                             WIDTH="38"
                             VPOS="2273"
                             HPOS="2375">of</String>
                     <SP WIDTH="18" VPOS="2272" HPOS="2413"> </SP>
                     <String WC="1."
                             CONTENT="Thy"
                             HEIGHT="44"
                             WIDTH="86"
                             VPOS="2272"
                             HPOS="2431">Thy</String>
                     <SP WIDTH="15" VPOS="2282" HPOS="2517"> </SP>
                     <String WC="0.95999997854232788"
                             CONTENT="grace;"
                             HEIGHT="35"
                             WIDTH="125"
                             VPOS="2280"
                             HPOS="2532">grace;</String>
                  </TextLine>
                  <TextLine HEIGHT="69" WIDTH="750" VPOS="2328" HPOS="1984">
                     <String WC="0.87400001287460327"
                             CONTENT="There"
                             HEIGHT="39"
                             WIDTH="118"
                             VPOS="2345"
                             HPOS="1984">There</String>
                     <SP WIDTH="15" VPOS="2349" HPOS="2103"> </SP>
                     <String WC="0.92000001668930054"
                             CONTENT="they"
                             HEIGHT="45"
                             WIDTH="90"
                             VPOS="2344"
                             HPOS="2119">they</String>
                     <SP WIDTH="15" VPOS="2343" HPOS="2210"> </SP>
                     <String WC="0.87833333015441895"
                             CONTENT="behold"
                             HEIGHT="38"
                             WIDTH="130"
                             VPOS="2341"
                             HPOS="2226">behold</String>
                     <SP WIDTH="17" VPOS="2339" HPOS="2357"> </SP>
                     <String WC="1."
                             CONTENT="Thy"
                             HEIGHT="45"
                             WIDTH="87"
                             VPOS="2339"
                             HPOS="2375">Thy</String>
                     <SP WIDTH="17" VPOS="2350" HPOS="2462"> </SP>
                     <String WC="0.95571428537368774"
                             CONTENT="gentler"
                             HEIGHT="46"
                             WIDTH="138"
                             VPOS="2337"
                             HPOS="2479">gentler</String>
                     <SP WIDTH="15" VPOS="2347" HPOS="2618"> </SP>
                     <String WC="0.80199998617172241"
                             CONTENT="rays,"
                             HEIGHT="39"
                             WIDTH="100"
                             VPOS="2343"
                             HPOS="2634">rays,</String>
                  </TextLine>
                  <TextLine HEIGHT="78" WIDTH="861" VPOS="2388" HPOS="1986">
                     <String WC="0.74333333969116211"
                             CONTENT="And"
                             HEIGHT="43"
                             WIDTH="82"
                             VPOS="2410"
                             HPOS="1986">And</String>
                     <SP WIDTH="17" VPOS="2414" HPOS="2068"> </SP>
                     <String WC="0.98750001192092896"
                             CONTENT="seek"
                             HEIGHT="38"
                             WIDTH="89"
                             VPOS="2411"
                             HPOS="2085">seek</String>
                     <SP WIDTH="17" VPOS="2410" HPOS="2174"> </SP>
                     <String WC="1."
                             CONTENT="Thy"
                             HEIGHT="44"
                             WIDTH="87"
                             VPOS="2410"
                             HPOS="2191">Thy</String>
                     <SP WIDTH="13" VPOS="2411" HPOS="2279"> </SP>
                     <String WC="0.86000001430511475"
                             CONTENT="face,"
                             HEIGHT="43"
                             WIDTH="91"
                             VPOS="2409"
                             HPOS="2293">face,</String>
                     <SP WIDTH="18" VPOS="2418" HPOS="2385"> </SP>
                     <String WC="1."
                             CONTENT="and"
                             HEIGHT="39"
                             WIDTH="72"
                             VPOS="2405"
                             HPOS="2404">and</String>
                     <SP WIDTH="21" VPOS="2406" HPOS="2477"> </SP>
                     <String WC="0.85399997234344482"
                             CONTENT="learn"
                             HEIGHT="37"
                             WIDTH="98"
                             VPOS="2405"
                             HPOS="2499">learn</String>
                     <SP WIDTH="17" VPOS="2403" HPOS="2598"> </SP>
                     <String WC="1."
                             CONTENT="Thy"
                             HEIGHT="45"
                             WIDTH="86"
                             VPOS="2403"
                             HPOS="2616">Thy</String>
                     <SP WIDTH="14" VPOS="2413" HPOS="2703"> </SP>
                     <String WC="0.73285716772079468"
                             CONTENT="praise."
                             HEIGHT="50"
                             WIDTH="129"
                             VPOS="2399"
                             HPOS="2718">praise.</String>
                  </TextLine>
               </TextBlock>
               <TextBlock ID="Page1_Block13"
                          HEIGHT="274"
                          WIDTH="947"
                          VPOS="2177"
                          HPOS="2899"
                          language="en-US">
                  <Shape>
                     <Polygon POINTS="3711,2178 3845,2178 3845,2319 3846,2319 3846,2440 3712,2440 3712,2441 3700,2441 3700,2442 3626,2442 3626,2443 3514,2443 3514,2444 3482,2444 3482,2445 3477,2445 3477,2446 3117,2446 3117,2447 3094,2447 3094,2448 3054,2448 3054,2449 3031,2449 3031,2450 2918,2450 2918,2451 2903,2451 2903,2450 2902,2450 2902,2320 2901,2320 2901,2303 2900,2303 2900,2189 2916,2189 2916,2188 3028,2188 3028,2187 3086,2187 3086,2186 3115,2186 3115,2185 3194,2185 3194,2184 3314,2184 3314,2183 3474,2183 3474,2182 3512,2182 3512,2181 3589,2181 3589,2180 3696,2180 3696,2179 3711,2179 3711,2178"/>
                  </Shape>
                  <TextLine HEIGHT="58" WIDTH="928" VPOS="2185" HPOS="2908">
                     <String WC="1."
                             CONTENT="5"
                             HEIGHT="37"
                             WIDTH="17"
                             VPOS="2206"
                             HPOS="2908">5</String>
                     <SP WIDTH="24" VPOS="2195" HPOS="2926"> </SP>
                     <String WC="0.82249999046325684"
                             CONTENT="Cheerful"
                             HEIGHT="41"
                             WIDTH="177"
                             VPOS="2192"
                             HPOS="2951">Cheerful</String>
                     <SP WIDTH="15" VPOS="2193" HPOS="3128"> </SP>
                     <String WC="0.88499999046325684"
                             CONTENT="they"
                             HEIGHT="44"
                             WIDTH="91"
                             VPOS="2194"
                             HPOS="3144">they</String>
                     <SP WIDTH="11" VPOS="2205" HPOS="3236"> </SP>
                     <String WC="0.98500001430511475"
                             CONTENT="walk"
                             HEIGHT="39"
                             WIDTH="99"
                             VPOS="2191"
                             HPOS="3248">walk</String>
                     <SP WIDTH="11" VPOS="2192" HPOS="3348"> </SP>
                     <String WC="1."
                             CONTENT="with"
                             HEIGHT="37"
                             WIDTH="90"
                             VPOS="2191"
                             HPOS="3360">with</String>
                     <SP WIDTH="17" VPOS="2191" HPOS="3451"> </SP>
                     <String WC="1."
                             CONTENT="growing"
                             HEIGHT="46"
                             WIDTH="167"
                             VPOS="2189"
                             HPOS="3469">growing</String>
                     <SP WIDTH="15" VPOS="2199" HPOS="3637"> </SP>
                     <String WC="0.8611111044883728"
                             CONTENT="strength,"
                             HEIGHT="48"
                             WIDTH="183"
                             VPOS="2185"
                             HPOS="3653">strength,</String>
                  </TextLine>
                  <TextLine HEIGHT="56" WIDTH="782" VPOS="2252" HPOS="2952">
                     <String WC="0.71749997138977051"
                             CONTENT="Till"
                             HEIGHT="36"
                             WIDTH="69"
                             VPOS="2264"
                             HPOS="2952">Till</String>
                     <SP WIDTH="17" VPOS="2263" HPOS="3021"> </SP>
                     <String WC="0.67333334684371948"
                             CONTENT="all"
                             HEIGHT="36"
                             WIDTH="46"
                             VPOS="2263"
                             HPOS="3038">all</String>
                     <SP WIDTH="17" VPOS="2263" HPOS="3084"> </SP>
                     <String WC="0.79600000381469727"
                             CONTENT="shall"
                             HEIGHT="37"
                             WIDTH="94"
                             VPOS="2262"
                             HPOS="3101">shall</String>
                     <SP WIDTH="18" VPOS="2262" HPOS="3195"> </SP>
                     <String WC="1."
                             CONTENT="meet"
                             HEIGHT="35"
                             WIDTH="95"
                             VPOS="2262"
                             HPOS="3213">meet</String>
                     <SP WIDTH="16" VPOS="2259" HPOS="3308"> </SP>
                     <String WC="0.5899999737739563"
                             CONTENT="in"
                             HEIGHT="35"
                             WIDTH="36"
                             VPOS="2259"
                             HPOS="3324">in</String>
                     <SP WIDTH="17" VPOS="2259" HPOS="3360"> </SP>
                     <String WC="0.82999998331069946"
                             CONTENT="heaven"
                             HEIGHT="39"
                             WIDTH="144"
                             VPOS="2256"
                             HPOS="3377">heaven</String>
                     <SP WIDTH="18" VPOS="2267" HPOS="3521"> </SP>
                     <String WC="1."
                             CONTENT="at"
                             HEIGHT="35"
                             WIDTH="39"
                             VPOS="2258"
                             HPOS="3539">at</String>
                     <SP WIDTH="15" VPOS="2255" HPOS="3578"> </SP>
                     <String WC="0.87714284658432007"
                             CONTENT="length,"
                             HEIGHT="49"
                             WIDTH="141"
                             VPOS="2252"
                             HPOS="3593">length,</String>
                  </TextLine>
                  <TextLine HEIGHT="52" WIDTH="633" VPOS="2323" HPOS="2953">
                     <String WC="0.86250001192092896"
                             CONTENT="Till"
                             HEIGHT="36"
                             WIDTH="70"
                             VPOS="2331"
                             HPOS="2953">Till</String>
                     <SP WIDTH="15" VPOS="2330" HPOS="3024"> </SP>
                     <String WC="0.80000001192092896"
                             CONTENT="all"
                             HEIGHT="36"
                             WIDTH="46"
                             VPOS="2329"
                             HPOS="3040">all</String>
                     <SP WIDTH="16" VPOS="2329" HPOS="3087"> </SP>
                     <String WC="0.83666664361953735"
                             CONTENT="before"
                             HEIGHT="38"
                             WIDTH="120"
                             VPOS="2328"
                             HPOS="3104">before</String>
                     <SP WIDTH="17" VPOS="2327" HPOS="3225"> </SP>
                     <String WC="1."
                             CONTENT="Thy"
                             HEIGHT="47"
                             WIDTH="86"
                             VPOS="2325"
                             HPOS="3243">Thy</String>
                     <SP WIDTH="13" VPOS="2327" HPOS="3330"> </SP>
                     <String WC="0.6875"
                             CONTENT="face"
                             HEIGHT="34"
                             WIDTH="78"
                             VPOS="2327"
                             HPOS="3344">face</String>
                     <SP WIDTH="17" VPOS="2337" HPOS="3423"> </SP>
                     <String WC="0.92571431398391724"
                             CONTENT="appear,"
                             HEIGHT="36"
                             WIDTH="145"
                             VPOS="2334"
                             HPOS="3441">appear,</String>
                  </TextLine>
                  <TextLine HEIGHT="54" WIDTH="678" VPOS="2388" HPOS="2957">
                     <String WC="0.86333334445953369"
                             CONTENT="And"
                             HEIGHT="37"
                             WIDTH="82"
                             VPOS="2396"
                             HPOS="2957">And</String>
                     <SP WIDTH="14" VPOS="2397" HPOS="3040"> </SP>
                     <String WC="0.69749999046325684"
                             CONTENT="join"
                             HEIGHT="46"
                             WIDTH="74"
                             VPOS="2394"
                             HPOS="3055">join</String>
                     <SP WIDTH="17" VPOS="2395" HPOS="3130"> </SP>
                     <String WC="0.77999997138977051"
                             CONTENT="in"
                             HEIGHT="35"
                             WIDTH="36"
                             VPOS="2395"
                             HPOS="3148">in</String>
                     <SP WIDTH="18" VPOS="2406" HPOS="3185"> </SP>
                     <String WC="0.75333333015441895"
                             CONTENT="nobler"
                             HEIGHT="41"
                             WIDTH="124"
                             VPOS="2392"
                             HPOS="3204">nobler</String>
                     <SP WIDTH="14" VPOS="2404" HPOS="3329"> </SP>
                     <String WC="0.92857140302658081"
                             CONTENT="worship"
                             HEIGHT="44"
                             WIDTH="161"
                             VPOS="2391"
                             HPOS="3344">worship</String>
                     <SP WIDTH="14" VPOS="2393" HPOS="3506"> </SP>
                     <String WC="0.71833330392837524"
                             CONTENT="there."
                             HEIGHT="39"
                             WIDTH="114"
                             VPOS="2389"
                             HPOS="3521">there.</String>
                  </TextLine>
               </TextBlock>
            </ComposedBlock>
            <TextBlock ID="Page1_Block14"
                       HEIGHT="228"
                       WIDTH="2220"
                       VPOS="2652"
                       HPOS="444"
                       language="en-US">
               <Shape>
                  <Polygon POINTS="578,2673 589,2673 589,2674 1186,2674 1186,2675 1217,2675 1217,2676 1260,2676 1260,2677 1333,2677 1333,2678 1363,2678 1363,2679 1380,2679 1380,2680 1394,2680 1394,2681 1977,2681 1977,2682 1998,2682 1998,2683 2386,2683 2386,2684 2429,2684 2429,2685 2605,2685 2605,2686 2652,2686 2652,2687 2662,2687 2662,2716 2663,2716 2663,2742 2664,2742 2664,2872 1370,2872 1370,2873 1332,2873 1332,2874 1329,2874 1329,2875 1281,2875 1281,2876 1250,2876 1250,2877 932,2877 932,2878 804,2878 804,2879 772,2879 772,2878 726,2878 726,2877 697,2877 697,2876 451,2876 451,2875 447,2875 447,2724 446,2724 446,2717 445,2717 445,2674 578,2674 578,2673"/>
               </Shape>
               <TextLine HEIGHT="120" WIDTH="2117" VPOS="2662" HPOS="539">
                  <String WC="0.87000000476837158"
                          CONTENT="It"
                          HEIGHT="39"
                          WIDTH="34"
                          VPOS="2718"
                          HPOS="539">It</String>
                  <SP WIDTH="14" VPOS="2718" HPOS="572"> </SP>
                  <String WC="0.45500001311302185"
                          CONTENT="is"
                          HEIGHT="36"
                          WIDTH="34"
                          VPOS="2718"
                          HPOS="585">is</String>
                  <SP WIDTH="15" VPOS="2728" HPOS="619"> </SP>
                  <String WC="0.32333332300186157"
                          CONTENT="one"
                          HEIGHT="26"
                          WIDTH="71"
                          VPOS="2729"
                          HPOS="634">one</String>
                  <SP WIDTH="15" VPOS="2727" HPOS="705"> </SP>
                  <String WC="0.43999999761581421"
                          CONTENT="of"
                          HEIGHT="41"
                          WIDTH="40"
                          VPOS="2715"
                          HPOS="719">of</String>
                  <SP WIDTH="22" VPOS="2717" HPOS="758"> </SP>
                  <String WC="0.40000000596046448"
                          CONTENT="the"
                          HEIGHT="40"
                          WIDTH="66"
                          VPOS="2714"
                          HPOS="779">the</String>
                  <SP WIDTH="15" VPOS="2725" HPOS="845"> </SP>
                  <String WC="0.46833333373069763"
                          CONTENT="oldest"
                          HEIGHT="39"
                          WIDTH="120"
                          VPOS="2714"
                          HPOS="859">oldest</String>
                  <SP WIDTH="18" VPOS="2716" HPOS="978"> </SP>
                  <String WC="0.55250000953674316"
                          CONTENT="melodies"
                          HEIGHT="39"
                          WIDTH="172"
                          VPOS="2712"
                          HPOS="995">melodies</String>
                  <SP WIDTH="16" VPOS="2715" HPOS="1166"> </SP>
                  <String WC="0.61250001192092896"
                          CONTENT="that"
                          HEIGHT="41"
                          WIDTH="84"
                          VPOS="2710"
                          HPOS="1181">that</String>
                  <SP WIDTH="17" VPOS="2715" HPOS="1263"> </SP>
                  <String WC="0.37000000476837158"
                          CONTENT="can"
                          HEIGHT="27"
                          WIDTH="68"
                          VPOS="2720"
                          HPOS="1279">can</String>
                  <SP WIDTH="27" VPOS="2708" HPOS="1345"> </SP>
                  <String WC="0.64499998092651367"
                          CONTENT="be"
                          HEIGHT="38"
                          WIDTH="46"
                          VPOS="2709"
                          HPOS="1370">be</String>
                  <SP WIDTH="16" VPOS="2710" HPOS="1415"> </SP>
                  <String WC="0.46166667342185974"
                          CONTENT="found."
                          HEIGHT="39"
                          WIDTH="128"
                          VPOS="2707"
                          HPOS="1430">found.</String>
                  <SP WIDTH="52" VPOS="2706" HPOS="1557"> </SP>
                  <String WC="0.63999998569488525"
                          CONTENT="Mr."
                          HEIGHT="37"
                          WIDTH="70"
                          VPOS="2707"
                          HPOS="1608">Mr.</String>
                  <SP WIDTH="22" VPOS="2705" HPOS="1677"> </SP>
                  <String WC="0.64777779579162598"
                          CONTENT="Thornton,"
                          HEIGHT="43"
                          WIDTH="204"
                          VPOS="2704"
                          HPOS="1698">Thornton,</String>
                  <SP WIDTH="16" VPOS="2706" HPOS="1901"> </SP>
                  <String WC="0.4466666579246521"
                          CONTENT="the"
                          HEIGHT="42"
                          WIDTH="66"
                          VPOS="2700"
                          HPOS="1916">the</String>
                  <SP WIDTH="18" VPOS="2709" HPOS="1981"> </SP>
                  <String WC="0.43333333730697632"
                          CONTENT="author"
                          HEIGHT="40"
                          WIDTH="134"
                          VPOS="2701"
                          HPOS="1998">author</String>
                  <SP WIDTH="15" VPOS="2709" HPOS="2131"> </SP>
                  <String WC="0.36500000953674316"
                          CONTENT="of"
                          HEIGHT="37"
                          WIDTH="39"
                          VPOS="2698"
                          HPOS="2146">of</String>
                  <SP WIDTH="15" VPOS="2698" HPOS="2185"> </SP>
                  <String WC="0.60333335399627686"
                          CONTENT="the"
                          HEIGHT="36"
                          WIDTH="63"
                          VPOS="2700"
                          HPOS="2200">the</String>
                  <SP WIDTH="15" VPOS="2700" HPOS="2263"> </SP>
                  <String WC="0.68800002336502075"
                          CONTENT="tune,"
                          HEIGHT="43"
                          WIDTH="106"
                          VPOS="2699"
                          HPOS="2278">tune,</String>
                  <SP WIDTH="18" VPOS="2696" HPOS="2383"> </SP>
                  <String WC="0.73000001907348633"
                          CONTENT="is"
                          HEIGHT="36"
                          WIDTH="33"
                          VPOS="2696"
                          HPOS="2400">is</String>
                  <SP WIDTH="19" VPOS="2706" HPOS="2433"> </SP>
                  <String WC="0.53125"
                          CONTENT="unknown."
                          HEIGHT="42"
                          WIDTH="203"
                          VPOS="2692"
                          HPOS="2452">unknown.</String>
               </TextLine>
               <TextLine HEIGHT="84" WIDTH="1496" VPOS="2743" HPOS="455">
                  <String WC="0.63400000333786011"
                          CONTENT="1837,"
                          HEIGHT="43"
                          WIDTH="96"
                          VPOS="2776"
                          HPOS="455">1837,</String>
                  <SP WIDTH="18" VPOS="2784" HPOS="552"> </SP>
                  <String WC="1."
                          CONTENT="and"
                          HEIGHT="38"
                          WIDTH="72"
                          VPOS="2772"
                          HPOS="571">and</String>
                  <SP WIDTH="15" VPOS="2773" HPOS="644"> </SP>
                  <String WC="0.70499998331069946"
                          CONTENT="in"
                          HEIGHT="34"
                          WIDTH="35"
                          VPOS="2774"
                          HPOS="660">in</String>
                  <SP WIDTH="18" VPOS="2770" HPOS="696"> </SP>
                  <String WC="0.92444443702697754"
                          CONTENT="“Southern"
                          HEIGHT="42"
                          WIDTH="220"
                          VPOS="2767"
                          HPOS="715">“Southern</String>
                  <SP WIDTH="21" VPOS="2770" HPOS="935"> </SP>
                  <String WC="0.89666664600372314"
                          CONTENT="Harmony,”"
                          HEIGHT="48"
                          WIDTH="233"
                          VPOS="2766"
                          HPOS="956">Harmony,”</String>
                  <SP WIDTH="19" VPOS="2767" HPOS="1190"> </SP>
                  <String WC="1."
                          CONTENT="by"
                          HEIGHT="45"
                          WIDTH="49"
                          VPOS="2766"
                          HPOS="1210">by</String>
                  <SP WIDTH="16" VPOS="2765" HPOS="1260"> </SP>
                  <String WC="0.76999998092651367"
                          CONTENT="William"
                          HEIGHT="41"
                          WIDTH="161"
                          VPOS="2764"
                          HPOS="1277">William</String>
                  <SP WIDTH="18" VPOS="2764" HPOS="1439"> </SP>
                  <String WC="0.80571430921554565"
                          CONTENT="Walker,"
                          HEIGHT="46"
                          WIDTH="166"
                          VPOS="2762"
                          HPOS="1458">Walker,</String>
                  <SP WIDTH="16" VPOS="2773" HPOS="1625"> </SP>
                  <String WC="0.77499997615814209"
                          CONTENT="page"
                          HEIGHT="37"
                          WIDTH="93"
                          VPOS="2770"
                          HPOS="1642">page</String>
                  <SP WIDTH="18" VPOS="2770" HPOS="1736"> </SP>
                  <String WC="0.8475000262260437"
                          CONTENT="287,"
                          HEIGHT="43"
                          WIDTH="78"
                          VPOS="2761"
                          HPOS="1755">287,</String>
                  <SP WIDTH="22" VPOS="2770" HPOS="1834"> </SP>
                  <String WC="0.64800000190734863"
                          CONTENT="1835."
                          HEIGHT="43"
                          WIDTH="94"
                          VPOS="2759"
                          HPOS="1857">1835.</String>
               </TextLine>
               <TextLine HEIGHT="67" WIDTH="1312" VPOS="2807" HPOS="540">
                  <String WC="0.92333334684371948"
                          CONTENT="See"
                          HEIGHT="37"
                          WIDTH="68"
                          VPOS="2828"
                          HPOS="540">See</String>
                  <SP WIDTH="17" VPOS="2838" HPOS="608"> </SP>
                  <String WC="0.78428572416305542"
                          CONTENT="remarks"
                          HEIGHT="43"
                          WIDTH="163"
                          VPOS="2824"
                          HPOS="625">remarks</String>
                  <SP WIDTH="16" VPOS="2838" HPOS="789"> </SP>
                  <String WC="0.94599997997283936"
                          CONTENT="about"
                          HEIGHT="38"
                          WIDTH="112"
                          VPOS="2826"
                          HPOS="806">about</String>
                  <SP WIDTH="17" VPOS="2826" HPOS="919"> </SP>
                  <String WC="0.68000000715255737"
                          CONTENT="Isaac"
                          HEIGHT="37"
                          WIDTH="98"
                          VPOS="2824"
                          HPOS="937">Isaac</String>
                  <SP WIDTH="17" VPOS="2823" HPOS="1036"> </SP>
                  <String WC="1."
                          CONTENT="Watts"
                          HEIGHT="41"
                          WIDTH="127"
                          VPOS="2822"
                          HPOS="1054">Watts</String>
                  <SP WIDTH="16" VPOS="2823" HPOS="1182"> </SP>
                  <String WC="0.9100000262260437"
                          CONTENT="in"
                          HEIGHT="35"
                          WIDTH="35"
                          VPOS="2823"
                          HPOS="1199">in</String>
                  <SP WIDTH="17" VPOS="2834" HPOS="1235"> </SP>
                  <String WC="1."
                          CONTENT="other"
                          HEIGHT="38"
                          WIDTH="103"
                          VPOS="2820"
                          HPOS="1253">other</String>
                  <SP WIDTH="15" VPOS="2831" HPOS="1357"> </SP>
                  <String WC="1."
                          CONTENT="parts"
                          HEIGHT="41"
                          WIDTH="100"
                          VPOS="2823"
                          HPOS="1373">parts</String>
                  <SP WIDTH="15" VPOS="2830" HPOS="1474"> </SP>
                  <String WC="0.81000000238418579"
                          CONTENT="of"
                          HEIGHT="34"
                          WIDTH="37"
                          VPOS="2821"
                          HPOS="1490">of</String>
                  <SP WIDTH="14" VPOS="2820" HPOS="1528"> </SP>
                  <String WC="1."
                          CONTENT="these"
                          HEIGHT="36"
                          WIDTH="105"
                          VPOS="2819"
                          HPOS="1543">these</String>
                  <SP WIDTH="17" VPOS="2828" HPOS="1649"> </SP>
                  <String WC="0.89999997615814209"
                          CONTENT="sketches."
                          HEIGHT="40"
                          WIDTH="185"
                          VPOS="2815"
                          HPOS="1667">sketches.</String>
               </TextLine>
            </TextBlock>
            <TextBlock ID="Page1_Block15"
                       HEIGHT="76"
                       WIDTH="1157"
                       VPOS="2664"
                       HPOS="2699"
                       language="en-US">
               <Shape>
                  <Polygon POINTS="3804,2665 3855,2665 3855,2716 3856,2716 3856,2726 3855,2726 3855,2727 3712,2727 3712,2728 3700,2728 3700,2729 3651,2729 3651,2730 3517,2730 3517,2731 3514,2731 3514,2732 3477,2732 3477,2733 3089,2733 3089,2734 3061,2734 3061,2735 3032,2735 3032,2736 3022,2736 3022,2737 2918,2737 2918,2738 2809,2738 2809,2739 2773,2739 2773,2738 2715,2738 2715,2737 2700,2737 2700,2717 2699,2717 2699,2676 3011,2676 3011,2675 3029,2675 3029,2674 3056,2674 3056,2673 3085,2673 3085,2672 3115,2672 3115,2671 3130,2671 3130,2670 3252,2670 3252,2669 3596,2669 3596,2668 3698,2668 3698,2667 3711,2667 3711,2666 3804,2666 3804,2665"/>
               </Shape>
               <TextLine HEIGHT="60" WIDTH="1141" VPOS="2671" HPOS="2707">
                  <String WC="0.72500002384185791"
                          CONTENT="It"
                          HEIGHT="39"
                          WIDTH="30"
                          VPOS="2689"
                          HPOS="2707">It</String>
                  <SP WIDTH="16" VPOS="2690" HPOS="2737"> </SP>
                  <String WC="0.70999997854232788"
                          CONTENT="is"
                          HEIGHT="35"
                          WIDTH="31"
                          VPOS="2690"
                          HPOS="2753">is</String>
                  <SP WIDTH="17" VPOS="2699" HPOS="2784"> </SP>
                  <String WC="0.91500002145767212"
                          CONTENT="credited"
                          HEIGHT="39"
                          WIDTH="155"
                          VPOS="2686"
                          HPOS="2801">credited</String>
                  <SP WIDTH="24" VPOS="2686" HPOS="2956"> </SP>
                  <String WC="0.75499999523162842"
                          CONTENT="to"
                          HEIGHT="33"
                          WIDTH="38"
                          VPOS="2689"
                          HPOS="2980">to</String>
                  <SP WIDTH="23" VPOS="2684" HPOS="3018"> </SP>
                  <String WC="0.75333333015441895"
                          CONTENT="him"
                          HEIGHT="39"
                          WIDTH="76"
                          VPOS="2682"
                          HPOS="3041">him</String>
                  <SP WIDTH="19" VPOS="2683" HPOS="3117"> </SP>
                  <String WC="0.77499997615814209"
                          CONTENT="in"
                          HEIGHT="35"
                          WIDTH="36"
                          VPOS="2682"
                          HPOS="3136">in</String>
                  <SP WIDTH="18" VPOS="2680" HPOS="3172"> </SP>
                  <String WC="1."
                          CONTENT="“"
                          HEIGHT="17"
                          WIDTH="24"
                          VPOS="2680"
                          HPOS="3190">“</String>
                  <SP WIDTH="17" VPOS="2680" HPOS="3215"> </SP>
                  <String WC="0.83499997854232788"
                          CONTENT="Missouri"
                          HEIGHT="46"
                          WIDTH="171"
                          VPOS="2676"
                          HPOS="3232">Missouri</String>
                  <SP WIDTH="26" VPOS="2679" HPOS="3403"> </SP>
                  <String WC="0.75333333015441895"
                          CONTENT="Harmony,”"
                          HEIGHT="49"
                          WIDTH="235"
                          VPOS="2675"
                          HPOS="3429">Harmony,”</String>
                  <SP WIDTH="16" VPOS="2675" HPOS="3664"> </SP>
                  <String WC="0.47499999403953552"
                          CONTENT="page"
                          HEIGHT="36"
                          WIDTH="95"
                          VPOS="2684"
                          HPOS="3680">page</String>
                  <SP WIDTH="13" VPOS="2674" HPOS="3775"> </SP>
                  <String WC="0.40000000596046448"
                          CONTENT="61."
                          HEIGHT="37"
                          WIDTH="60"
                          VPOS="2674"
                          HPOS="3788">61.</String>
               </TextLine>
            </TextBlock>
         </PrintSpace>
      </Page>
   </Layout>
</alto>
