4038 3452
1075 469 464 63 RUDIMENTS
1596 475 99 59 OF
1762 475 255 64 MUSIC.
2160 480 360 61 Continued.
3458 490 70 58 13

705 566 206 40 SHARPS
935 571 112 34 AND
1073 572 174 36 FLATS.

238 645 76 35 The
337 643 189 48 following
546 647 185 43 questions
756 647 114 45 apply
893 651 41 32 to
955 650 59 33 the
1037 651 105 44 keys:

240 703 31 34 1.
296 703 58 32 No
381 702 130 45 sharps
538 712 66 25 nor
630 703 95 41 flats,
753 705 79 43 give
860 704 59 35 the
946 706 70 45 key
1043 708 36 32 in
1105 708 124 45 major
1257 710 72 34 and
1356 711 128 35 minor.

237 759 33 34 2.
295 757 78 36 One
403 756 122 47 sharp,
554 758 81 46 give
664 758 61 36 the
753 760 71 45 key
851 762 38 32 in
918 762 124 45 major
1073 767 71 31 and
1174 767 129 34 minor.

236 816 34 33 3.
294 814 86 34 Two
401 813 143 47 sharps,
564 814 80 46 give
662 814 62 36 the
742 816 71 45 key
831 818 39 32 in
888 817 125 46 major
1033 822 73 31 and
1125 822 128 34 minor.

237 872 32 34 4.
294 870 117 36 Three
434 869 142 47 sharps,
600 870 78 48 give
701 871 61 38 the
784 874 70 44 key
876 875 37 34 in
937 876 124 43 major
1085 878 72 33 and
1181 880 127 34 minor.

231 929 32 34 5.
289 927 99 35 Four
411 926 143 47 sharps,
578 927 80 47 give
682 929 60 35 the
765 930 69 45 key
859 933 38 32 in
921 933 125 43 major
1073 936 72 31 and
1170 936 127 35 minor.

229 984 32 34 6.
287 983 87 36 Five
402 982 142 47 sharps,
572 982 80 49 give
681 986 60 35 the
767 987 71 45 key
865 988 37 34 in
929 989 124 44 major
1082 991 71 33 and
1181 993 128 34 minor.

236 1042 32 34 7.
291 1039 65 36 Six
380 1039 142 50 sharps,
548 1042 79 45 give
653 1042 60 34 the
738 1044 70 44 key
834 1044 37 33 in
897 1045 125 45 major
1049 1049 71 31 and
1146 1049 127 34 minor.

229 1098 33 34 8.
286 1095 116 37 Seven
429 1094 143 49 sharps,
599 1101 80 43 give
705 1100 60 34 the
790 1101 71 44 key
887 1102 38 33 in
951 1103 124 44 major
1104 1104 72 32 and
1202 1106 128 34 minor.

228 1143 33 35 9.
286 1142 78 36 One
390 1140 77 44 tint,
493 1145 79 44 give
596 1146 62 36 the
682 1146 71 45 key
777 1148 38 31 in
840 1147 126 45 major
991 1150 73 32 and
1089 1151 128 33 minor.

212 1191 49 32 10.
288 1191 85 31 TWO
402 1190 97 39 flats,
528 1192 80 43 give
636 1192 61 33 the
726 1192 69 43 key
823 1194 36 31 in
888 1192 124 45 major
1041 1196 72 31 and
1143 1195 126 36 minor.

208 1235 54 34 11.
286 1231 117 38 Three
429 1236 96 40 flats,
552 1238 80 43 give
658 1238 60 34 the
743 1239 70 43 key
840 1241 37 32 in
904 1239 125 44 major
1057 1242 72 31 and
1156 1243 126 33 minor.

210 1280 52 34 12.
288 1278 100 36 Four
426 1282 96 41 flats,
559 1284 79 44 give
675 1285 60 32 the
772 1283 70 46 key
878 1283 36 35 in
950 1285 124 45 major
1112 1287 72 34 and
1222 1288 127 35 minor.

209 1326 54 35 13.
288 1328 88 32 Five
407 1328 97 39 flats,
535 1330 81 43 give
645 1328 62 37 the
735 1328 72 46 key
835 1331 39 32 in
902 1332 126 43 major
1059 1334 74 33 and
1163 1335 130 33 minor.

213 1374 49 31 14.
288 1374 63 32 Six
379 1372 96 42 flats,
505 1373 79 46 give
615 1373 60 36 the
704 1374 69 45 key
803 1377 36 32 in
868 1375 125 46 major
1024 1380 71 32 and
1126 1380 127 33 minor.

212 1420 50 31 15.
287 1419 115 34 Seven
425 1417 96 42 flats,
544 1418 80 47 give
646 1419 60 37 the
728 1422 70 43 key
820 1423 37 33 in
880 1423 124 45 major
1028 1425 71 32 and
1124 1425 127 34 minor.

233 1463 75 34 The
342 1461 189 50 following
562 1468 186 43 questions
783 1469 114 44 apply
929 1471 37 30 to
999 1470 60 36 the
1091 1469 70 47 key
1193 1474 84 32 note
1311 1473 71 33 and
1415 1473 109 36 letter
1555 1475 125 44 major
1713 1478 87 39 keys

145 1509 36 33 in
210 1506 100 39 flats:

232 1586 31 36 1.
289 1585 111 40 What
429 1586 31 39 is
490 1589 61 37 the
579 1592 71 47 key
682 1596 83 33 note
796 1590 72 39 and
897 1596 109 36 letter
1036 1597 41 34 of
1107 1608 65 25 one
1205 1598 132 46 sharp?

232 1637 32 31 2.
290 1631 112 40 What
426 1637 30 34 is
483 1636 60 36 the
569 1639 67 44 key
663 1637 85 37 note
776 1642 72 33 and
874 1642 109 35 letter
1008 1645 43 32 of
1075 1647 71 31 two
1172 1645 151 43 sharps?

231 1682 32 31 'k
288 1678 33 36 W
336 1677 66 39 hat
425 1678 30 37 is
480 1681 61 35 the
564 1684 72 46 key
660 1688 85 31 note
771 1688 71 31 and
868 1688 109 35 letter
1004 1690 40 32 of
1068 1690 102 34 three
1196 1691 152 43 sharps?

229 1724 33 35 4.
285 1722 114 40 What
420 1726 30 35 is
473 1723 61 41 the
555 1729 44 35 ke
621 1734 110 42 ynote
756 1734 71 31 and
851 1733 109 35 letter
983 1736 41 32 of
1048 1736 85 33 four
1156 1737 150 44 sharps?

229 1768 31 37 5.
287 1772 111 35 What
423 1768 31 39 is
481 1775 60 35 the
567 1776 69 45 key
662 1779 85 32 note
774 1779 71 32 and
873 1780 109 34 letter
1008 1782 41 32 of
1074 1782 68 32 five
1169 1783 151 44 sharps?

229 1818 33 31 6.
286 1812 112 40 What
424 1820 31 33 is
480 1821 63 33 the
567 1822 71 46 key
664 1826 85 30 note
776 1824 72 33 and
876 1823 110 36 letter
1010 1827 43 32 of
1077 1828 55 32 six
1158 1827 141 45 sharps.

229 1858 32 38 7.
287 1863 112 36 What
421 1865 31 34 is
476 1866 61 34 the
562 1868 70 45 key
656 1871 85 31 note
767 1870 72 32 and
864 1870 108 34 letter
998 1873 40 33 of
1065 1882 105 23 seven
1197 1874 150 44 sharps?

329 1943 176 38 MAJOR
543 1946 133 36 KEYS
716 1947 56 34 IN
810 1942 547 51 SHARPSFOUR-NOTE
1396 1952 209 38 SYSTEM.

227 2021 30 33 1.
281 2022 113 36 What
422 2024 30 33 is
483 2025 60 33 the
573 2025 69 44 key
673 2029 85 32 note
787 2028 72 33 and
889 2025 108 39 letter
1028 2030 42 33 of
1099 2038 66 26 one
1195 2027 133 48 sharp?

225 2069 34 32 2.
281 2068 114 35 What
420 2070 32 34 is
476 2070 62 33 the
561 2071 72 44 key
657 2073 86 34 note
767 2074 75 31 and
866 2073 112 35 letter
999 2075 44 34 of
1066 2080 73 29 two
1164 2077 153 44 sharps?

225 2113 32 32 3.
283 2113 110 35 What
420 2115 29 33 is
476 2114 61 35 the
564 2116 69 45 key
660 2118 84 33 note
772 2117 71 33 and
872 2118 108 36 letter
1007 2121 42 33 of
1076 2121 101 36 three
1205 2122 152 44 sharps?

223 2159 31 31 4.
280 2158 111 35 What
419 2160 29 32 is
477 2160 60 36 the
565 2160 70 47 key
663 2166 84 31 note
776 2164 72 33 and
876 2162 109 39 letter
1014 2167 40 33 of
1084 2167 85 33 four
1199 2167 151 45 sharps?

222 2204 32 32 5.
279 2203 112 36 What
417 2205 29 34 is
473 2206 60 35 the
559 2207 69 45 key
653 2211 85 31 note
766 2211 72 31 and
864 2209 109 36 letter
1001 2212 40 34 of
1067 2213 68 33 five
1162 2213 151 44 sharps?

225 2250 29 30 6.
280 2249 111 36 What
418 2252 29 32 is
474 2252 60 36 the
562 2254 69 43 key
658 2257 84 31 note
769 2257 72 31 and
868 2254 109 36 letter
1004 2258 40 32 of
1071 2259 54 32 six
1150 2258 152 44 sharps?

224 2294 30 31 7.
279 2295 112 35 What
418 2297 31 33 is
478 2297 60 35 the
567 2299 70 43 key
665 2303 86 30 note
779 2301 41 31 of
849 2310 106 25 seven
985 2299 153 51 sharps?

221 2338 185 39 NoteIf
433 2351 106 27 seven
568 2347 102 32 notes
698 2356 61 22 are
786 2346 101 39 used,
914 2348 57 32 Do
999 2347 71 36 will
1097 2348 44 33 be
1167 2348 70 44 key
1263 2352 85 32 note
1375 2351 35 33 in
1436 2352 105 45 place
1566 2355 43 32 of
1638 2354 63 36 Fa.

332 2416 172 41 MINOR
539 2423 133 34 KEYS
709 2424 56 33 IN
799 2416 548 54 SHARPSFOUR-NOTE
1383 2429 207 36 SYSTEM.

218 2495 186 39 NoteIf
427 2511 105 24 seven
555 2503 103 33 notes
681 2513 61 23 are
764 2503 89 33 used
875 2503 60 34 the
958 2509 97 34 same
1076 2505 69 43 key
1167 2508 83 31 note
1274 2505 72 34 will
1367 2506 123 46 apply.

221 2545 30 30 1.
277 2544 110 35 What
409 2546 29 32 is
460 2547 58 32 the
540 2548 69 43 key
630 2550 83 31 note
736 2548 72 32 and
829 2548 110 34 letter
960 2550 41 34 of
1023 2560 66 25 one
1109 2551 135 43 sharp?

218 2590 34 30 2.
277 2590 111 34 What
414 2591 29 34 is
468 2592 59 34 the
552 2593 69 44 key
645 2594 83 33 note
753 2594 73 31 and
853 2594 109 35 letter
986 2596 42 34 of
1052 2599 71 30 two
1148 2595 151 46 sharps?

217 2635 36 30 .3.
277 2635 111 35 What
410 2638 29 31 is
462 2637 60 34 the
544 2638 70 44 key
636 2642 84 31 note
743 2640 71 32 and
839 2639 109 35 letter
971 2642 40 33 of
1033 2642 101 32 three
1158 2642 151 44 sharps?

224 2681 31 30 4.
279 2681 111 35 What
414 2684 31 32 is
469 2683 60 34 the
554 2684 70 44 key
648 2687 85 32 note
760 2686 71 31 and
857 2685 109 35 letter
992 2687 41 35 of
1059 2688 85 33 four
1171 2688 152 43 sharps?

222 2726 30 30 5.
277 2726 109 36 What
409 2729 30 31 is
463 2729 60 34 the
545 2731 70 43 key
637 2732 84 32 note
745 2732 72 31 and
841 2730 110 36 letter
973 2733 42 34 of
1038 2732 67 33 five
1131 2733 151 45 sharps?

223 2771 28 31 6.
278 2771 109 36 What
410 2775 29 32 is
464 2776 59 33 the
548 2777 69 44 key
643 2779 84 31 note
752 2777 72 32 and
848 2776 110 36 letter
981 2779 41 35 of
1047 2780 54 32 six
1123 2779 155 46 sharps?

222 2816 29 31 7.
274 2817 113 36 What
406 2821 32 32 is
458 2821 63 34 the
540 2822 72 44 key
632 2824 87 31 note
740 2824 74 32 and
835 2822 111 35 letter
964 2824 44 35 of
1028 2834 108 25 seven
1157 2825 178 45 shharps?

218 2861 184 39 NoteIf
426 2875 107 27 seven
557 2868 103 35 notes
686 2878 63 23 are
774 2869 101 39 used,
900 2870 58 34 Do
983 2869 72 40 will
1080 2871 44 33 be
1150 2872 37 31 in
1212 2870 105 45 place
1341 2874 42 32 of
1409 2874 63 32 Fa.

328 2946 172 41 MINOR
540 2949 134 39 KEYS
714 2953 57 33 IN
810 2943 350 56 FLATSFOUR
1199 2954 137 36 NOTE
1376 2957 210 37 SYSTEM.

218 3023 29 33 1.
271 3024 111 38 What
406 3028 30 33 is
462 3029 60 35 the
546 3031 70 45 key
639 3034 86 32 note
750 3033 71 32 and
846 3031 110 36 letter
980 3034 41 35 of
1042 3044 68 23 one
1136 3032 87 35 flat?

218 3069 33 32 2.
274 3069 111 37 What
412 3074 31 33 is
472 3075 61 34 the
561 3077 70 45 key
659 3080 86 31 note
773 3079 73 31 and
876 3075 109 40 letter
1013 3079 42 35 of
1085 3081 71 32 two
1185 3080 107 33 flats?

174 3111 32 35 3.
229 3108 113 43 Wfiat
370 3119 30 32 is
432 3118 61 35 the
522 3122 72 44 key
620 3125 90 33 mote
740 3124 72 31 and
844 3122 110 35 letter
983 3124 42 36 of
1055 3124 101 34 three
1188 3125 107 33 flats?

217 3159 33 34 4.
273 3159 113 44 What
411 3164 34 36 is
472 3165 61 40 the
556 3168 74 47 key
653 3171 89 34 note
770 3169 74 34 and
871 3165 110 41 letter
1009 3170 41 35 of
1078 3169 87 35 four
1192 3170 106 34 flats?

1977 581 33 30 5.
2034 579 114 35 What
2170 581 32 33 is
2226 581 62 33 the
2311 581 71 44 key
2405 585 87 33 note
2515 583 75 34 and
2612 583 112 35 letter
2746 584 44 34 of
2811 586 71 34 five
2905 586 109 34 flats?

1981 627 30 30 6.
2035 625 113 34 What
2172 627 30 32 is
2229 626 60 34 the
2313 627 69 43 key
2409 630 84 32 note
2520 629 72 33 and
2618 629 111 34 letter
2754 630 41 33 of
2820 633 54 31 six
2898 632 107 33 flats?

1981 671 29 31 7.
2035 671 113 34 What
2173 672 31 32 is
2231 672 61 32 the
2318 672 69 43 key
2414 675 86 32 note
2526 675 73 32 and
2625 674 109 34 letter
2762 676 41 33 of
2830 687 107 24 seven
2964 677 107 33 flats?

1977 714 186 36 NoteIf
2190 726 106 24 seven
2323 719 103 34 notes
2456 729 62 25 are
2545 719 101 40 used,
2674 720 60 34 the
2762 730 98 26 same
2886 722 70 43 key
2982 724 86 32 note
3095 720 74 37 will
3196 720 127 52 apply.

2221 761 265 39 LOCATING
2525 765 106 34 THE
2672 763 358 41 KEYSMAJOR
3070 767 146 38 KEYS.

2608 833 215 37 SHARPS.

1979 897 29 32 1.
2033 896 112 36 What
2169 897 71 34 line
2266 909 42 23 or
2332 909 108 36 space
2465 901 30 33 is
2521 911 68 24 one
2614 901 111 45 sharp
2751 901 166 37 located?

1975 943 33 32 2.
2031 943 115 34 What
2168 943 73 34 line
2265 954 43 24 or
2332 954 110 36 space
2467 948 31 31 is
2522 949 72 31 two
2619 947 131 45 sharps
2775 948 168 35 located?

1975 989 30 31 3.
2031 988 111 35 What
2167 989 73 33 line
2265 1000 41 23 or
2332 1001 110 35 space
2465 993 31 31 is
2523 992 102 33 three
2652 993 130 45 sharps
2808 995 167 34 located?

1974 1035 31 30 4.
2029 1034 113 34 What
2171 1035 71 33 line
2271 1046 41 23 or
2341 1046 109 35 space
2478 1039 30 32 is
2539 1038 85 32 four
2653 1039 129 44 sharps
2813 1040 166 35 located?

1974 1080 32 31 5.
2029 1080 115 34 What
2168 1080 73 33 line
2267 1091 42 23 or
2336 1090 110 37 space
2471 1084 30 32 is
2527 1082 70 35 five
2623 1083 131 45 sharps
2781 1084 166 36 located?

1975 1126 30 30 6.
2031 1125 112 35 What
2170 1126 71 34 line
2270 1137 42 22 or
2340 1137 107 34 space
2476 1130 30 33 is
2536 1129 54 34 six
2618 1129 130 45 sharps
2777 1129 166 37 located?

1976 1170 29 33 7.
2030 1170 112 36 What
2172 1171 71 34 line
2272 1182 42 24 or
2343 1182 109 37 space
2482 1175 30 34 is
2542 1183 107 25 seven
2680 1176 130 45 sharps
2840 1175 167 38 located?

2626 1254 172 38 FLATS.

1974 1316 30 34 1.
2026 1316 115 38 What
2162 1316 75 37 line
2261 1328 44 24 or
2328 1329 110 36 space
2461 1320 32 35 is
2517 1331 70 25 one
2610 1321 68 35 flat
2703 1321 168 38 located?

1972 1365 32 31 2.
2029 1364 112 35 What
2171 1365 72 33 line
2274 1375 41 22 or
2346 1375 108 36 space
2484 1368 30 34 is
2545 1370 72 31 two
2648 1368 84 34 flats
2763 1367 166 38 located?

1972 1411 32 31 3.
2029 1410 111 34 What
2166 1411 72 32 line
2264 1422 41 21 or
2331 1422 108 34 space
2465 1413 30 34 is
2523 1413 101 34 three
2651 1413 84 35 flats
2763 1414 166 37 located?

1972 1456 32 31 4.
2028 1455 113 35 What
2174 1456 72 33 line
2282 1468 41 22 or
2358 1468 108 35 space
2499 1460 31 33 is
2566 1458 86 35 four
2687 1458 84 36 flats
2807 1460 167 37 located?

1972 1502 31 31 5.
2029 1501 112 35 What
2166 1502 72 34 line
2264 1513 41 22 or
2333 1512 108 36 space
2467 1505 31 33 is
2524 1505 69 34 five
2620 1506 84 33 flats
2731 1503 166 38 located?

1973 1548 30 30 6.
2028 1546 111 35 What
2162 1548 71 33 line
2257 1559 41 22 or
2322 1558 108 37 space
2454 1551 30 33 is
2508 1551 53 34 six
2585 1550 83 35 flats
2691 1552 165 34 located?

1973 1593 30 31 7.
2028 1592 113 35 What
2170 1593 74 34 line
2273 1604 42 23 or
2345 1604 110 36 space
2485 1597 31 33 is
2549 1606 106 26 seven
2686 1597 85 34 flats
2803 1597 167 38 located?

2540 1675 173 36 MINOR
2735 1677 145 36 KEYS.

2603 1743 214 36 SHARPS.

1971 1807 28 33 1.
2024 1807 113 35 What
2159 1807 72 34 line
2255 1818 42 24 or
2319 1818 110 37 space
2451 1810 29 33 is
2505 1820 66 24 one
2597 1810 111 45 sharp
2731 1811 166 35 located?

1971 1854 30 31 2.
2026 1854 113 33 What
2166 1854 72 33 line
2266 1864 42 22 or
2337 1863 109 36 space
2473 1856 30 33 is
2533 1859 72 30 two
2633 1856 130 44 sharps
2792 1856 168 36 located?

1969 1900 31 31 3.
2025 1899 113 34 What
2165 1898 72 34 line
2265 1910 41 22 or
2335 1909 108 37 space
2470 1900 31 35 is
2528 1902 103 34 three
2661 1902 130 45 sharps
2819 1902 167 35 located?

1969 1945 30 31 4.
2025 1945 112 34 What
2163 1945 71 34 line
2260 1955 41 23 or
2329 1954 108 37 space
2463 1947 30 33 is
2523 1947 86 33 four
2636 1946 130 45 sharps
2794 1948 166 34 located?

1968 1989 31 33 5.
2024 1989 112 35 What
2164 1989 71 35 line
2264 2001 41 22 or
2333 2000 108 35 space
2467 1992 30 35 is
2526 1992 68 35 five
2622 1992 129 44 sharps
2781 1993 166 35 located?

1969 2036 30 30 6.
2023 2036 113 33 What
2169 2035 73 34 line
2275 2046 42 22 or
2351 2045 110 36 space
2495 2037 29 33 is
2558 2037 55 33 six
2648 2036 130 46 sharps
2813 2038 165 35 located?

1965 2081 31 31 7.
2020 2081 115 34 Wha
2160 2080 74 34 line
2260 2091 45 24 or
2331 2091 111 36 space
2469 2083 33 33 is
2529 2093 108 24 seven
2665 2083 132 45 sharps
2826 2083 167 36 located?

2616 2160 170 36 FLATS.

1966 2227 29 31 1.
2020 2226 112 34 What
2159 2225 72 34 line
2261 2236 43 24 or
2330 2236 109 36 space
2467 2228 31 33 is
2527 2238 67 24 one
2624 2228 66 34 flat
2719 2226 166 36 located?

1963 2272 32 31 2.
2019 2272 112 33 What
2155 2272 73 32 line
2255 2283 42 21 or
2323 2281 109 35 space
2457 2274 31 31 is
2516 2276 72 31 two
2614 2272 84 34 flats
2725 2272 166 35 located?

1964 2318 31 30 3.
2019 2318 113 33 What
2161 2317 73 32 line
2264 2327 43 22 or
2338 2326 110 36 space
2477 2319 31 33 is
2539 2318 103 35 three
2673 2318 85 33 flats
2788 2319 168 35 located?

1964 2363 30 31 4.
2020 2362 111 34 What
2162 2362 72 32 line
2265 2373 42 22 or
2337 2372 108 36 space
2476 2364 30 32 is
2539 2364 86 32 four
2658 2364 84 32 flats
2775 2363 166 36 located?

1963 2409 32 31 5.
2020 2409 112 33 What
2161 2408 72 32 line
2264 2418 43 22 or
2336 2418 109 35 spcae
2475 2410 30 32 is
2535 2410 68 32 five
2635 2409 84 34 flats
2750 2408 167 36 located?

1963 2454 31 30 6.
2019 2454 116 34 Whae
2161 2453 70 33 lint
2256 2464 42 22 or
2327 2463 109 34 space
2461 2456 32 32 is
2520 2456 56 32 six
2601 2455 86 34 flats
2714 2454 169 35 located?

1964 2498 29 32 7.
2017 2499 113 34 What
2155 2498 70 34 line
2248 2509 42 23 or
2314 2508 108 36 space
2445 2500 30 33 is
2500 2511 107 23 seven
2631 2500 85 34 flats
2741 2498 165 37 located?

1961 2542 285 45 NoteSharps
2278 2545 73 32 and
2380 2544 83 36 flats
2494 2556 62 22 are
2585 2545 144 34 located
2761 2556 45 24 on
2838 2547 60 32 the
2930 2556 98 25 same
3057 2546 73 35 line
3158 2557 43 24 or
3231 2558 120 35 space,
3381 2551 133 42 regard

1873 2587 70 34 less
1974 2589 42 32 of
2044 2590 62 31 the
2135 2590 179 39 notation,
2342 2590 161 34 whether
2533 2591 31 33 it
2592 2592 46 32 be
2668 2589 229 48 four-shape,
2927 2592 238 46 seven-shape
3197 2605 41 21 or
3269 2595 118 34 round
3419 2598 115 38 notes,

1875 2634 36 31 in
1934 2634 116 33 either
2073 2634 147 35 method
2243 2634 61 35 the
2328 2635 162 46 position
2513 2636 41 32 of
2578 2636 130 45 sharps
2734 2637 71 34 and
2831 2638 84 34 flats
2941 2649 62 22 are
3027 2639 61 33 the
3114 2647 107 27 same.

2491 2712 427 42 TRANSPOSITION.

1967 2768 76 34 The
2073 2779 107 24 seven
2212 2770 165 44 primary
2407 2773 123 38 tones;
2562 2772 82 34 that
2674 2773 42 38 is,
2746 2773 61 33 the
2840 2774 110 39 voice,
2981 2776 208 43 represents
3223 2775 168 36 Relative
3422 2776 115 35 Pitch.

1880 2813 44 33 In
1946 2824 111 36 every
2081 2815 97 34 scale
2200 2826 70 24 one
2291 2818 32 32 is
2348 2817 61 34 the
2431 2817 73 44 key
2528 2821 96 31 note.
2674 2819 83 43 Key
2780 2828 125 25 means
2931 2820 61 33 the
3016 2821 103 44 pitch
3145 2821 42 33 of
3211 2822 62 33 the
3298 2822 106 35 scale.

1967 2860 89 40 One,
2083 2860 72 46 key
2181 2864 97 36 note,
2307 2862 71 32 and
2407 2863 70 40 Do,
2507 2874 41 22 or
2578 2864 54 33 Fa
2660 2864 37 32 in
2725 2863 126 46 major
2885 2865 92 45 (and
3007 2867 55 31 La
3089 2870 37 32 in
3154 2867 138 44 minor)
3325 2876 124 27 means
3478 2868 60 34 the

1879 2915 97 24 same
2007 2907 36 32 in
2075 2907 61 34 the
2167 2917 103 23 sense
2300 2907 83 34 that
2413 2909 87 43 they
2532 2920 62 22 are
2627 2908 160 48 applied,
2820 2921 38 23 as
2891 2911 166 33 occasion
3088 2921 84 36 may
3205 2913 168 41 demand,
3406 2916 39 32 to
3478 2914 61 33 the

1877 2950 125 36 lowest
2024 2963 41 22 or
2089 2952 256 36 fundamental
2368 2956 85 33 tone
2478 2955 40 33 of
2540 2956 60 33 the
2625 2954 106 41 scale,
2752 2965 48 24 on
2822 2956 113 35 which
2961 2957 49 35 all
3032 2958 61 33 the
3116 2957 104 37 other
3243 2963 103 31 notes
3371 2970 41 24 or
3435 2963 102 31 tones

1877 2996 142 45 depend
2053 2999 60 32 for
2145 2999 96 32 their
2272 2999 160 45 position
2465 3011 47 23 on
2543 3002 61 32 the
2636 3001 93 35 staff
2761 3001 59 34 for
2852 3002 95 35 their
2977 3004 103 41 pitch
3113 3003 73 34 and
3220 3005 60 32 for
3313 3004 95 36 their
3440 3006 98 34 scale

1877 3041 248 48 relationship.

1962 3088 181 34 Absolute
2171 3090 108 32 Pitch
2307 3091 30 32 is
2365 3090 96 35 fixed
2489 3103 42 22 or
2559 3092 207 44 stationary
2793 3094 117 39 tones,
2939 3094 73 32 and
3041 3104 63 22 are
3134 3093 173 37 obtained
3335 3095 49 46 by
3411 3107 125 25 means

1877 3134 41 32 of
1944 3133 250 42 instruments,
2220 3136 74 32 and
2321 3146 63 24 are
2409 3137 131 33 named
2567 3138 97 32 from
2690 3140 16 30 t
2731 3138 43 35 he
2800 3139 83 33 first
2910 3148 106 25 seven
3043 3138 128 36 letters
3198 3141 42 35 of
3264 3141 61 36 the
3351 3140 185 50 alphabet,

1876 3178 71 34 and
1975 3189 62 24 are
2063 3180 237 46 represented
2324 3181 50 46 by
2398 3183 60 36 the
2482 3182 91 37 lines
2600 3183 72 36 and
2699 3191 126 40 spaces
2850 3184 43 38 of
2916 3183 60 37 the
3002 3184 103 38 staff,
