4047 3447
1463 405 269 60 SWEET
1767 407 287 59 RIVERS.
2125 411 63 51 C.
2225 405 85 59 M.

274 546 88 46 Key
384 543 47 43 of
449 544 32 36 p
505 544 132 48 Major.

710 511 18 12 “
738 509 73 28 And
823 510 43 28 he
877 510 131 29 shewed
1021 517 53 21 me
1086 518 18 18 a
1117 516 81 29 pure
1210 508 87 30 river
1308 509 35 29 of
1356 512 101 26 water
1468 508 35 29 of
1516 509 66 33 life,
1596 510 87 28 clear
1694 517 37 21 as
1742 510 129 35 crystal,
1886 509 196 37 proceeding
2094 512 58 25 out
2163 510 36 26 of
2211 509 57 32 the
2279 509 120 29 throne
2410 508 36 30 of
2458 509 70 29 God
2540 508 65 29 and
2617 508 36 30 of
2664 509 58 28 the
2906 510 86 28 Rev.
3005 509 50 29 22:
3074 509 25 28 1.

3510 406 61 49 61

3173 544 34 43 J.
3232 542 58 35 W.
3317 541 166 37 Moor®.

443 836 27 27 i.

543 804 122 39 Sweet
682 807 25 34 ri

544 851 80 36 Had
689 851 12 34 I

808 817 84 25 vers
922 807 37 35 of
1065 816 36 25 re
1119 825 15 7 -
1153 805 101 37 deem
1280 825 12 7 -
1317 803 62 49 ing
1421 804 80 39 love
1558 805 62 38 Lie

807 852 62 36 the
902 852 60 43 pin
996 870 14 6 -
1045 850 80 36 ions
1165 850 38 36 of
1331 862 21 25 a
1415 849 94 38 dove
1567 850 52 37 I’d

1726 806 78 44 just
1832 806 43 36 be
1899 825 13 7 -
1935 807 77 35 fore
2061 807 94 34 mine
2195 815 79 38 eye,
2312 809 13 35 "I

1733 853 37 34 to
1795 851 106 37 those
1950 852 26 34 ri
2009 869 12 9 -
2053 861 84 25 vers
2199 852 63 44 fly;
2312 859 12 32 J

2542 826 51 37 I’d
2686 828 67 35 rise
2817 838 43 25 su
2893 839 80 31 -«pe
3006 844 12 8 -
3059 825 69 38 rior
3202 828 37 36 to
3326 835 61 34 my
3414 825 98 44 pain,

517 1340 14 34 f
546 1338 29 35 A
660 1339 72 35 few

517 1383 40 38 11
651 1383 93 44 hope

794 1349 96 26 more
908 1338 105 46 days,

820 1386 37 34 to
896 1384 75 44 join

1063 1349 39 24 or
1140 1349 107 35 years

1048 1384 64 36 the
1128 1383 137 38 heav’n

1409 1342 108 42 most,
1561 1339 65 44 My

1405 1384 86 37 host
1552 1383 64 38 On

1323 1342 38 35 at

1291 1402 13 7 -
1328 1384 38 45 ly

1716 1338 175 39 trou-bles
1938 1340 71 36 will
2073 1339 43 36 be

1724 1383 210 40 Ca-naan’s
1951 1383 73 46 hap
2041 1403 14 6 -
2069 1395 52 32 py

2196 1340 86 43 o’er;

2173 1385 119 38 shore.

2537 1360 66 44 My
2687 1371 62 33 rap
2767 1380 13 5 -
2795 1361 103 37 tured
2928 1360 79 36 soul
3048 1359 92 38 shall
3181 1359 108 40 drink
3322 1360 71 36 and
3417 1360 97 37 feast

3249 1712 23 31 1
3434 1712 24 30 2

324 1925 104 44 With
507 1928 64 46 joy
663 1932 63 34 out
764 1948 15 6 -
802 1929 89 44 strip
938 1929 63 36 the
1044 1929 111 45 wind,
1221 1928 51 38 I’d

1423 1939 99 26 cross
1585 1929 75 38 o’er

1735 1929 63 38 Jor
1831 1948 11 8 -
1883 1929 107 37 dan’s
2038 1932 112 34 storm
2177 1949 13 6 -
2213 1941 26 33 y
2312 1938 141 37 waves,
2503 1928 82 37 And

2662 1928 102 37 leave
2780 1929 63 36 the
2883 1927 112 37 world
3036 1928 42 36 be

3206 1928 101 37 hind.
3354 1947 14 7 -
3391 1928 101 36 hind.

3252 1975 20 29 1
3435 1974 23 28 2

3257 2202 19 30 1
3440 2202 22 28 2

330 2419 39 35 In
505 2417 118 40 love’s
670 2430 48 23 un
745 2436 12 7 -
782 2417 123 38 bound
923 2439 11 5 -
949 2420 42 34 ed
1054 2430 76 26 sea:
1206 2418 79 40 The

1436 2418 59 46 gio
1536 2439 11 7 -
1588 2420 96 37 rious
1725 2420 91 44 hope
1895 2421 36 34 of

2053 2419 69 36 end
2149 2438 11 6 -
2184 2419 73 36 less
2349 2421 74 33 rest
2532 2419 32 35 Is

2686 2417 160 37 rav-ish
2873 2437 12 6 -
2911 2418 62 44 ing
3034 2419 56 35 for

3220 2430 68 24 me.

3252 2464 19 31 1

3407 2429 67 25 me.

3436 2463 22 29 2

286 2689 91 38 This
400 2692 88 36 tune
514 2701 151 35 appears
683 2691 35 34 in
739 2688 24 18 “
776 2688 184 39 Southern
983 2689 235 46 Harmony,”
1238 2691 49 45 by
1305 2688 167 49 Walker,
1495 2692 96 43 1835,
1610 2702 92 35 page
1732 2691 71 38 166.
1856 2693 29 35 It
1902 2692 30 35 is
1949 2691 155 38 credited
2130 2691 50 45 by
2199 2689 162 41 William
2380 2690 155 38 Walker
2550 2693 38 34 to
2757 2689 135 38 Moore.
2945 2690 29 37 It
2998 2691 30 34 is
3045 2691 112 35 taken
3181 2692 92 34 from
3293 2690 24 17 “
3335 2690 144 46 Baptist
3505 2691 74 36 Har
3581 2711 14 6 ¬

199 2732 150 48 mony,”
369 2745 91 35 page
477 2734 77 43 468.
607 2737 29 35 It
653 2735 30 36 is
708 2735 130 45 highly
854 2735 169 43 probable
1040 2736 82 37 that
1137 2737 63 36 the
1217 2739 88 40 tune
1322 2746 79 27 was
1426 2735 192 47 composed
1645 2737 48 44 by
1712 2736 34 36 J.
1767 2735 62 40 W.
1853 2736 136 45 Moore,
2008 2737 36 36 of
2063 2735 187 40 Vermont.
2303 2735 54 38 He
2375 2735 192 44 published
2585 2746 46 24 an
2652 2734 22 16 “
2691 2732 263 48 Encyclopedia
2972 2735 37 35 of
3034 2734 160 45 Music,”
3214 2737 35 33 in
3272 2737 95 43 1854,
3387 2736 72 36 and
3480 2737 115 34 added

198 2790 44 23 an
260 2780 131 37 edition
410 2781 36 35 of
462 2779 63 39 the
543 2791 100 27 same
662 2781 33 35 in
719 2779 94 45 1876.
