4056 3383
1186 366 460 68 RUDIMENTS
1708 380 97 55 OF
1872 382 254 65 MUSIC.
2268 392 355 62 Continued.

927 450 298 42 COMPOUND.
1947 486 4 42 |

343 506 51 36 12.
420 507 95 35 How
544 512 30 32 is
603 511 62 35 the
694 513 83 36 first
805 516 105 36 mode
938 521 42 31 of
1008 523 204 46 compound
1244 528 85 33 time
1359 529 151 36 known?

340 554 56 44 By
425 554 61 33 the
515 556 136 45 figures
680 561 55 33 six
764 572 85 23 over
880 565 97 33 four.
1031 567 35 35 It
1097 568 64 34 has
1193 581 21 21 a
1244 572 129 36 dotted
1404 575 215 39 semi-breve
1650 580 61 35 for
1739 593 164 25 measure
1945 601 3 4 •

250 602 114 37 notes,
389 600 177 34 rendered
592 604 36 31 in
652 607 72 31 two
749 607 71 32 and
847 610 166 34 one-half
1037 613 162 40 seconds,
1223 619 71 31 two
1319 619 103 35 beats
1448 626 38 29 to
1512 625 60 33 the
1597 633 177 34 measure,
1801 629 103 34 down

248 644 72 33 and
345 654 63 37 up,
433 646 173 36 accented
631 660 47 22 on
702 651 82 34 first
809 653 73 33 and
908 656 128 34 fourth
1060 662 106 40 parts
1191 662 42 32 of
1257 663 60 35 the
1342 675 175 28 measure.
1568 672 36 32 It
1628 674 30 34 is
1685 672 76 37 also
1787 675 115 33 called

248 689 159 36 six-four
433 691 98 34 time.
586 694 199 47 (Example
810 698 80 44 —).

338 736 49 33 13.
415 736 94 33 How
539 739 112 34 about
680 742 59 33 the
766 744 133 35 second
929 748 105 34 mode
1062 751 42 31 of
1132 755 204 44 compound
1366 760 108 32 time?

335 781 37 34 It
395 783 31 31 is
451 783 132 34 known
608 786 48 42 by
680 788 55 32 six
760 800 86 23 over
869 793 111 44 eight.
1005 796 79 35 One
1109 798 73 31 and
1208 801 165 34 one-half
1399 804 150 36 seconds
1575 811 38 31 to
1639 811 60 34 the
1725 822 175 31 measure,

244 830 70 30 two
349 827 115 42 beats,
499 830 105 33 down
642 832 70 33 and
750 846 61 33 up,
848 840 172 33 accented
1055 852 46 22 on
1136 844 60 33 the
1233 846 80 34 first
1350 849 71 33 and
1459 852 126 35 fourth
1619 857 106 44 parts
1762 859 41 31 of
1839 862 58 31 the

242 881 175 27 measure.
464 875 36 32 It
521 877 65 32 has
608 888 21 21 a
651 878 129 35 dotted
803 883 124 34 minim
951 886 60 33 for
1033 898 21 22 a
1076 889 86 34 beat
1185 893 93 33 note.
1308 894 197 48 (Example
1528 899 145 46 below.)

332 919 43 33 In
394 929 97 25 some
510 921 41 32 of
570 923 60 33 the
651 923 111 36 books
782 927 71 34 this
873 932 29 31 is
921 931 117 34 called
1058 934 216 44 Compound
1295 939 142 36 Double
1457 944 72 32 and
1548 947 37 31 in
1605 956 98 26 some
1723 947 174 47 Sextuple

240 964 97 33 time.

330 1010 51 34 14.
405 1010 114 35 What
544 1012 115 37 about
683 1016 257 39 intermediate
966 1024 125 34 tones?

329 1054 99 46 They
452 1067 109 25 occur
584 1060 163 36 between
771 1065 61 33 the
857 1067 146 44 regular
1026 1073 102 32 tones
1153 1074 41 30 of
1218 1085 21 21 a
1262 1075 79 43 key.

327 1101 53 33 15.
406 1101 44 34 In
470 1103 62 33 the
555 1105 126 46 major
702 1109 71 44 key
794 1111 101 33 when
918 1114 47 31 do
988 1125 51 21 we
1063 1116 75 32 find
1161 1118 253 37 intermediate
1438 1126 125 33 tones?

318 1627 172 38 Between
515 1633 16 30 1
557 1632 74 34 and
652 1635 33 39 2,
706 1635 22 32 2
751 1637 73 34 and
845 1640 33 37 3,
899 1642 21 30 4
943 1641 72 33 and
1039 1643 33 38 5,
1094 1644 20 30 6
1137 1644 72 33 and
1232 1647 31 33 7.
1314 1646 200 51 (Example
1537 1652 144 45 below.)

316 1684 51 33 16.
392 1685 78 34 Arc
494 1686 103 37 there
621 1700 73 33 any
719 1692 105 34 other
850 1695 145 35 modes?

314 1729 85 40 Yes,
423 1729 101 38 there
549 1743 61 23 are
634 1735 76 33 also
734 1737 123 35 modes
883 1740 40 34 of
948 1742 85 34 time
1058 1755 38 21 as
1123 1747 157 34 follows:

222 1773 102 46 They
345 1784 62 24 arc
428 1777 67 33 not
514 1788 41 22 so
580 1779 210 48 frequently
813 1784 89 35 used
925 1787 46 44 by
995 1797 207 38 composers
1226 1803 38 23 as

222 1836 102 36 those
343 1836 210 40 mentioned
572 1843 123 34 above.

311 1883 51 34 17.
388 1883 112 35 What
523 1897 61 22 arc
605 1888 60 34 the
688 1890 206 43 Fractions,
913 1894 130 46 placed
1066 1900 38 30 at
1125 1900 60 31 the
1207 1901 197 49 beginning
1425 1907 41 32 of
1488 1918 20 22 a
1529 1907 261 49 composition?

306 1938 78 38 The
400 1951 89 36 yarc
506 1941 119 37 called
641 1946 229 36 Numerator
888 1950 71 35 and
977 1952 274 41 Denominator.

307 1996 54 35 18.
384 1997 115 37 What
522 2001 87 35 docs
634 2002 62 35 the
722 2002 227 39 Numerator
974 2008 153 37 denote?

305 2051 77 39 The
402 2053 156 38 number
580 2057 42 34 of
640 2058 189 48 pulsation
852 2063 36 32 in
913 2075 19 22 a
956 2073 175 29 measure.

308 2109 52 35 19.
385 2109 114 37 What
520 2113 85 34 does
628 2115 60 33 the
710 2115 264 40 Denominator
997 2123 152 34 denote?

306 2165 81 36 Tell
415 2177 40 25 us
482 2168 61 37 the
567 2168 111 39 kinds
704 2173 42 33 of
770 2176 103 33 notes
900 2177 113 34 which
1038 2178 30 33 is
1096 2179 164 35 referred
1288 2186 39 31 to
1354 2186 35 32 in
1415 2187 88 35 each
1528 2187 187 50 pulsation
1743 2192 41 34 of
1810 2193 62 35 the

213 2227 176 30 measure.

902 2279 193 36 LESSON
1129 2283 46 31 V.

303 2336 29 32 1.
357 2334 112 37 What
489 2336 87 38 does
596 2340 61 34 the
676 2341 133 35 second
829 2342 234 50 department
1082 2349 37 33 in
1140 2349 115 34 music
1275 2354 99 33 treat
1392 2352 64 38 of?

299 2390 188 38 Melodics.

298 2448 32 32 2.
355 2447 112 36 What
491 2451 30 33 is
547 2451 200 37 Melodics?

297 2503 96 36 That
426 2506 235 48 department
692 2512 41 31 of
763 2516 105 33 vocal
896 2514 225 50 elementary
1153 2519 237 39 instructions
1422 2526 114 35 which
1569 2527 132 37 relates
1732 2533 39 34 to
1801 2533 62 34 the

211 2557 96 47 pitch
329 2561 42 33 of
392 2564 113 34 tones.

896 2617 276 38 MELODIES.

295 2673 32 33 3.
350 2671 114 37 What
484 2674 31 34 is
536 2675 104 46 pitch
662 2688 40 24 as
725 2678 150 47 applied
897 2685 39 31 to
958 2684 135 34 music?

298 2726 74 37 The
398 2731 189 37 acuteness
614 2734 72 34 and
711 2737 145 45 gravity
882 2740 41 33 of
947 2749 71 37 any
1042 2741 205 47 particular
1273 2745 126 37 sound.
1450 2750 104 33 Pitch
1581 2763 66 23 can
1673 2758 95 34 most
1795 2758 50 32 sci­

210 2779 197 52 entifically
433 2788 44 34 be
504 2788 142 35 defined
673 2803 40 24 as
741 2805 21 20 a
789 2796 79 32 rate
894 2797 42 33 of
960 2796 191 37 vibration.
1203 2802 121 44 Rapid
1353 2802 199 44 vibrations
1580 2819 121 25 means
1730 2822 21 21 a
1778 2813 85 45 high

207 2839 103 42 tone;
332 2840 88 36 slow
441 2844 201 36 vibrations
664 2859 20 21 a
709 2848 92 45 deep
823 2851 96 38 tone.

294 2898 31 31 4.
349 2897 113 36 What
480 2901 31 34 is
532 2912 22 21 a
574 2900 194 39 Diatonic?

294 2952 198 49 Naturally
521 2958 198 47 preceding
747 2964 35 30 in
811 2963 60 34 the
900 2966 110 34 order
1038 2968 42 31 of
1108 2968 59 34 the
1196 2969 150 47 degrees
1374 2973 42 35 of
1444 2984 20 22 a
1495 2975 146 35 natural
1670 2978 107 44 scale,
1807 2982 33 32 in­

203 3003 148 51 cluding
377 3014 105 34 tones
508 3014 74 35 and
608 3017 221 38 semi-tones.

3557 421 33 51 9

2079 478 31 32 5.
2135 480 112 33 What
2277 483 30 31 is
2339 494 20 21 a
2390 483 171 35 Diatonic
2591 487 116 35 scale?

2079 533 74 35 The
2188 536 176 36 different
2397 540 238 46 graduations
2671 545 41 33 of
2745 549 103 32 tones
2883 560 41 22 or
2958 552 127 45 gamut
3121 554 182 49 arranged
3338 558 37 32 in
3409 569 21 21 a
3463 568 180 39 preparee

1988 588 109 34 order
2120 591 39 32 in
2183 590 223 49 conformity
2430 599 38 30 to
2494 608 96 23 some
2614 601 204 46 particular
2844 605 80 45 key.

2075 648 30 30 6.
2129 647 113 34 What
2267 651 31 32 is
2326 661 22 22 a
2373 651 173 35 Diatonic
2573 656 128 44 Major
2728 659 117 34 scale?

2075 703 95 35 That
2198 708 37 30 in
2264 706 112 35 which
2404 709 61 33 the
2494 722 98 24 same
2622 716 102 33 tones
2753 726 108 23 occur
2887 718 162 37 between
3078 721 61 35 the
3167 722 134 38 second
3331 727 74 34 and
3433 728 101 36 third
3564 741 60 25 sev­

1984 759 86 34 enth
2097 760 71 34 and
2195 763 134 45 eighth,
2357 766 208 48 ascending,
2593 770 70 34 and
2692 771 160 36 between
2880 776 123 44 eighth
3031 778 71 34 and
3130 780 149 37 seventh
3307 784 73 35 and
3409 785 127 35 fourth
3567 787 71 34 and

1983 815 109 42 third,
2122 817 230 49 descending.

2071 876 30 30 7.
2125 876 112 34 What
2257 878 31 33 is
2309 889 23 21 a
2353 879 123 35 Minor
2498 882 170 35 Diatonic
2689 885 118 36 scale?

2073 932 86 44 (See
2189 935 167 47 example
2387 937 41 34 of
2458 939 123 34 Minor
2612 941 109 37 Mode
2755 944 59 34 for
2846 946 60 33 the
2936 946 173 37 Diatonic
3138 949 128 48 scale.)
3325 955 96 34 That
3452 957 38 33 in
3522 958 114 35 which

1979 987 58 33 the
2067 999 97 24 same
2194 993 102 33 tones
2325 1002 109 26 occur
2463 994 160 36 between
2652 998 59 34 the
2739 1001 134 34 second
2903 1004 71 32 and
3004 1005 99 36 third
3134 1008 149 35 seventh
3311 1011 74 33 and
3411 1013 138 47 eighth,
3578 1026 39 23 as­

1978 1043 156 47 cending
2158 1046 162 36 between
2347 1049 86 35 fifth
2460 1051 72 33 and
2560 1052 106 42 sixth,
2693 1055 71 33 and
2792 1058 131 33 second
2951 1061 71 34 and
3050 1062 97 35 third
3178 1062 230 54 descending.

2067 1102 30 31 8.
2121 1102 113 34 What
2259 1106 31 33 is
2317 1116 22 22 a
2364 1106 118 34 scale?

2066 1157 74 35 The
2168 1158 203 37 succession
2401 1162 40 33 of
2468 1166 102 32 tones
2598 1176 100 36 upon
2725 1169 114 33 which
2866 1182 72 34 any
2965 1173 116 34 music
3109 1176 30 33 is
3167 1175 105 38 built.

2064 1216 30 30 9.
2123 1215 106 33 What
2255 1218 30 32 is
2312 1229 22 21 a
2359 1218 327 39 Chromaticscale?

2069 1270 86 44 (See
2188 1271 231 38 “Chromatic
2453 1276 128 35 scale.”
2635 1281 35 33 A
2704 1281 94 34 scale
2831 1284 37 33 in
2902 1285 114 35 which
3050 1287 49 33 all
3133 1290 60 33 the
3227 1292 115 43 tones,
3374 1293 255 38 intermediate

1932 1344 1 2 ■
1973 1324 72 34 and
2071 1326 173 43 diatonic,
2267 1340 110 25 occur
2400 1333 37 32 in
2464 1333 200 38 successive
2688 1337 119 35 order.

2063 1384 50 33 10.
2137 1385 97 46 Why
2256 1387 30 35 is
2310 1387 71 35 this
2406 1388 94 35 scale
2524 1390 116 35 called
2664 1393 229 38 Chromatic?

2060 1440 162 35 Because
2253 1444 41 33 of
2324 1444 60 35 the
2416 1446 79 35 fact
2524 1448 81 35 that
2634 1449 61 35 the
2727 1452 255 38 intermediate
3012 1459 103 34 tones
3146 1469 94 25 were
3273 1461 178 48 formerly
3480 1466 148 36 written

1969 1495 37 33 in
2033 1496 128 35 colors.

2057 1554 53 33 11.
2134 1555 113 34 What
2274 1569 62 24 are
2363 1558 257 37 Accidentals?

2056 1610 151 45 Sharps,
2237 1614 102 34 Flats
2368 1626 41 22 or
2439 1617 122 34 cancel
2591 1618 89 35 used
2709 1622 225 46 throughout
2964 1637 20 21 a
3013 1628 240 47 composition
3283 1632 61 34 for
3372 1633 62 35 the
3461 1645 164 39 purpose

1965 1665 42 32 of
2029 1666 236 48 introducing
2286 1670 255 38 intermediate
2564 1678 104 34 tones
2691 1687 42 23 or
2757 1689 22 20 a
2803 1679 237 38 modulation.

2056 1724 51 32 12.
2132 1724 112 34 What
2275 1728 30 31 is
2337 1727 61 33 the
2430 1728 79 35 rule
2540 1730 62 34 for
2633 1733 95 34 their
2760 1736 260 37 continuance?

2055 1776 236 40 Accidentals
2313 1782 170 37 continue
2506 1786 97 36 their
2623 1788 232 48 significance
2879 1793 225 48 throughout
3127 1797 60 35 the
3210 1809 167 27 measure
3398 1803 116 36 which
3536 1806 86 46 they

1966 1843 118 25 occur.

2049 1892 50 32 13.
2125 1892 111 36 What
2257 1896 29 32 is
2310 1897 15 30 1
2352 1897 71 34 and
2445 1898 20 31 8
2486 1899 37 33 in
2545 1909 72 36 any
2637 1900 71 46 key
2728 1902 139 37 called?

2045 1948 75 34 The
2144 1949 70 46 key
2236 1954 85 31 tone
2344 1963 41 23 or
2409 1954 108 34 tonic.

2049 2005 51 32 14.
2124 2005 113 35 What
2260 2009 29 32 is
2311 2007 62 34 the
2395 2008 199 38 difference
2614 2013 163 36 between
2800 2028 21 21 a
2843 2018 95 35 scale
2960 2019 74 35 and
3057 2032 22 21 a
3100 2022 93 45 key?

2046 2060 36 33 A
2110 2062 95 35 scale
2231 2063 141 46 implies
2401 2076 21 22 a
2449 2068 139 33 certain
2615 2069 108 35 order
2750 2073 41 32 of
2816 2074 223 44 succession;
3066 2077 104 36 while
3196 2080 61 34 the
3285 2081 131 48 family
3442 2086 42 33 of
3511 2090 103 31 tones

1957 2116 41 34 of
2023 2116 113 36 which
2163 2120 29 33 it
2220 2120 29 33 is
2279 2120 154 42 formed,
2461 2123 117 36 called
2606 2126 59 34 the
2692 2127 80 45 key,
2799 2141 83 34 may
2908 2132 44 33 be
2980 2133 90 35 used
3097 2136 37 32 in
3162 2147 71 33 any
3260 2137 159 48 possible
3448 2143 119 34 order.

2044 2175 51 32 15.
2118 2175 114 35 What
2253 2176 104 34 other
2378 2177 199 37 difference
2599 2182 31 33 is
2652 2182 123 35 there?

2041 2231 35 32 A
2100 2231 95 34 scale
2216 2233 98 32 must
2335 2232 91 36 have
2448 2234 101 45 eight
2569 2239 116 39 tones,
2706 2240 105 34 while
2832 2242 61 34 the
2914 2243 72 45 key
3005 2244 66 35 has
3090 2256 120 25 seven.

2041 2286 51 32 16.
2118 2287 111 34 What
2259 2290 28 31 is
2317 2288 59 35 the
2408 2290 108 33 order
2547 2292 40 33 of
2616 2293 174 37 intervals
2822 2298 36 32 in
2887 2299 61 34 the
2976 2299 126 46 major
3130 2302 92 45 key?

2040 2341 130 46 Major
2189 2343 151 37 seconds
2359 2348 99 32 must
2478 2358 110 24 occur
2605 2349 163 36 between
2790 2355 17 30 1
2829 2354 73 33 and
2920 2356 22 31 2
2961 2356 74 34 and
3053 2358 34 40 2,
3104 2360 34 39 3,
3156 2360 22 32 4
3197 2361 73 34 and
3287 2364 34 40 4,
3341 2366 34 38 5,
3400 2368 24 35 5
3446 2366 72 34 and
3539 2370 31 36 6,
3589 2369 21 29 6

1953 2396 72 35 and
2047 2399 31 32 7.
2119 2400 123 34 Minor
2261 2402 151 36 seconds
2431 2407 98 31 must
2549 2415 107 25 occur
2677 2407 162 36 between
2858 2414 22 30 3
2899 2413 73 33 and
2991 2415 33 39 4,
3043 2416 73 33 and
3137 2418 18 30 7
3177 2418 72 34 and
3270 2421 30 31 8.

2039 2456 307 38 Note—Further
2370 2460 236 46 explanation
2630 2466 41 31 of
2696 2467 150 35 seconds
2871 2469 195 46 explained
3090 2474 204 38 elsewhere.

2041 2502 51 31 17.
2118 2503 111 34 What
2248 2506 29 33 is
2300 2516 20 20 a
2341 2506 218 46 Signature?

2040 2546 139 45 Sharps
2210 2560 42 22 or
2282 2549 85 35 flats
2399 2551 130 45 placed
2562 2558 40 30 at
2633 2556 61 33 the
2727 2557 198 47 beginning
2955 2563 42 31 of
3027 2563 63 34 the
3121 2565 241 49 composition
3395 2581 62 24 are
3489 2572 117 34 called

1951 2589 218 47 signatures,
2193 2594 112 34 which
2331 2597 157 35 indicate
2514 2600 60 33 the
2598 2600 69 45 key
2693 2603 41 33 of
2760 2604 59 34 the
2845 2605 105 35 scale.

2039 2638 51 32 18.
2116 2638 95 34 How
2236 2650 110 36 many
2371 2642 124 44 major
2519 2644 88 45 keys
2634 2657 62 25 are
2722 2649 102 34 there
2850 2651 36 32 in
2913 2651 147 46 general
3087 2657 84 31 use?

2034 2681 117 35 There
2182 2695 63 23 are
2274 2686 168 36 thirteen.

2036 2728 50 32 19.
2113 2729 117 34 Name
2255 2731 106 35 them.

2033 2771 41 39 C,
2092 2773 45 39 G,
2155 2774 46 39 D,
2222 2776 46 39 A,
2286 2777 44 39 E,
2350 2778 49 40 B,
2451 2779 31 33 F
2499 2779 123 45 sharp,
2638 2786 40 37 F,
2705 2785 68 38 B&,
2792 2785 70 41 E&,
2880 2787 72 40 A6,
2970 2788 59 35 D6
3050 2790 73 33 and
3143 2791 69 35 Gb.

2033 2819 53 31 20.
2111 2819 112 35 What
2249 2823 30 32 is
2306 2833 22 22 a
2355 2823 124 35 Minor
2504 2824 116 35 scale?

2035 2863 32 31 A
2088 2864 94 35 scale
2203 2868 38 31 in
2259 2867 114 35 which
2394 2869 60 35 the
2473 2870 174 37 intervals
2669 2874 95 34 from
2785 2877 21 31 2
2826 2879 40 32 to
2885 2880 33 37 3,
2939 2879 71 34 and
3033 2880 95 33 from
3150 2884 19 30 5
3190 2886 39 31 to
3250 2885 31 39 6,
3301 2895 63 24 are
3385 2889 128 34 minor.

2032 2910 53 30 21.
2110 2910 112 35 What
2244 2913 32 33 is
2299 2912 63 36 the
2386 2914 110 34 order
2519 2917 43 32 of
2585 2918 174 35 intervals
2782 2922 38 32 in
2845 2923 61 32 the
2931 2924 119 35 minor
3076 2926 117 34 scale?

2033 2954 121 33 Minor
2183 2956 150 37 seconds
2363 2962 98 30 must
2490 2971 108 23 occur
2626 2963 161 36 between
2814 2968 21 31 2
2864 2970 72 32 and
2966 2971 32 38 3,
3027 2973 20 29 5
3077 2971 70 33 and
3177 2975 31 36 6,
3237 2976 18 31 7
3285 2975 71 33 and
3386 2980 31 30 8.
3469 2980 128 44 Major

1942 2997 152 37 seconds
2114 3003 99 31 must
2233 3012 110 25 occur
2362 3004 161 34 between
2548 3009 12 30 1
2588 3008 73 34 and
2682 3011 33 40 2,
2733 3013 24 30 3
2776 3012 73 33 and
2867 3016 34 37 4,
2920 3016 23 31 4
2964 3015 73 35 and
3058 3017 33 38 5,
3110 3017 105 34 while
3237 3019 98 36 from
3356 3023 22 30 6
3396 3027 40 30 to
3458 3027 20 30 7
3498 3028 99 32 must

1941 3039 44 38 be
2012 3054 46 25 an
2084 3044 220 51 augmented
2331 3049 141 37 second.
