<?xml version="1.0" encoding="UTF-8"?>
<?xml-stylesheet href="https://raw.githubusercontent.com/sounding-spirit/ocr-correction/master/alto-style.css"?>
<alto xmlns="http://www.loc.gov/standards/alto/ns-v2#"
      xmlns:xlink="http://www.w3.org/1999/xlink"
      xmlns:xsi="http://www.w3.org/2001/XMLSchema-instance"
      xsi:schemaLocation="http://www.loc.gov/standards/alto/ns-v2# http://www.loc.gov/standards/alto/alto-v2.0.xsd">
   <Description>
      <MeasurementUnit>pixel</MeasurementUnit>
      <OCRProcessing ID="IdOcr">
         <ocrProcessingStep>
            <processingDateTime>2020-06-16</processingDateTime>
            <processingSoftware>
               <softwareCreator>ABBYY</softwareCreator>
               <softwareName>ABBYY FineReader Engine</softwareName>
               <softwareVersion>12</softwareVersion>
            </processingSoftware>
         </ocrProcessingStep>
      </OCRProcessing>
   </Description>
   <Styles/>
   <Layout>
      <Page ID="Page1" PHYSICAL_IMG_NR="1" HEIGHT="3464" WIDTH="4090">
         <TopMargin HEIGHT="370" WIDTH="4090" VPOS="0" HPOS="0"/>
         <LeftMargin HEIGHT="2599" WIDTH="286" VPOS="370" HPOS="0"/>
         <RightMargin HEIGHT="2599" WIDTH="459" VPOS="370" HPOS="3631"/>
         <BottomMargin HEIGHT="495" WIDTH="4090" VPOS="2969" HPOS="0">
            <TextBlock ID="Page1_Block1"
                       HEIGHT="64"
                       WIDTH="66"
                       VPOS="2978"
                       HPOS="1943"
                       language="en-US">
               <Shape>
                  <Polygon POINTS="1946,2979 2008,2979 2008,3024 2009,3024 2009,3042 1945,3042 1945,3027 1944,3027 1944,3005 1945,3005 1945,2980 1946,2980 1946,2979"/>
               </Shape>
               <TextLine HEIGHT="48" WIDTH="49" VPOS="2986" HPOS="1951">
                  <String WC="0.85000002384185791"
                          CONTENT="V"
                          HEIGHT="48"
                          WIDTH="49"
                          VPOS="2986"
                          HPOS="1951">V</String>
               </TextLine>
            </TextBlock>
         </BottomMargin>
         <PrintSpace HEIGHT="2599" WIDTH="3345" VPOS="370" HPOS="286">
            <TextBlock ID="Page1_Block2"
                       HEIGHT="82"
                       WIDTH="732"
                       VPOS="385"
                       HPOS="1607"
                       language="en-US">
               <Shape>
                  <Polygon POINTS="1613,388 2041,388 2041,389 2086,389 2086,390 2230,390 2230,391 2293,391 2293,392 2324,392 2324,393 2338,393 2338,437 2339,437 2339,464 2314,464 2314,463 1759,463 1759,462 1757,462 1757,461 1608,461 1608,440 1607,440 1607,389 1613,389 1613,388"/>
               </Shape>
               <TextLine HEIGHT="65" WIDTH="717" VPOS="393" HPOS="1616">
                  <String WC="0.87833333015441895"
                          CONTENT="INTRODUCTORY"
                          HEIGHT="65"
                          WIDTH="717"
                          VPOS="393"
                          HPOS="1616">INTRODUCTORY</String>
               </TextLine>
            </TextBlock>
            <TextBlock ID="Page1_Block3"
                       HEIGHT="2462"
                       WIDTH="1624"
                       VPOS="507"
                       HPOS="286"
                       language="en-US">
               <Shape>
                  <Polygon POINTS="790,513 899,513 899,514 1196,514 1196,515 1477,515 1477,516 1687,516 1687,517 1901,517 1901,518 1902,518 1902,725 1903,725 1903,750 1902,750 1902,1012 1903,1012 1903,1019 1904,1019 1904,1032 1903,1032 1903,1300 1904,1300 1904,1314 1903,1314 1903,1587 1904,1587 1904,1596 1903,1596 1903,1875 1904,1875 1904,1878 1903,1878 1903,2161 1902,2161 1902,2162 1903,2162 1903,2443 1902,2443 1902,2449 1903,2449 1903,2725 1902,2725 1902,2737 1903,2737 1903,2956 1902,2956 1902,2957 1663,2957 1663,2958 1615,2958 1615,2959 1328,2959 1328,2960 926,2960 926,2961 753,2961 753,2962 734,2962 734,2963 692,2963 692,2964 668,2964 668,2965 645,2965 645,2966 570,2966 570,2967 518,2967 518,2968 465,2968 465,2969 286,2969 286,2740 287,2740 287,2739 286,2739 286,2456 287,2456 287,2452 286,2452 286,2173 287,2173 287,2164 286,2164 286,1889 287,1889 287,1877 286,1877 286,1605 287,1605 287,1589 286,1589 286,1321 287,1321 287,1302 286,1302 286,1038 287,1038 287,1015 286,1015 286,754 287,754 287,727 286,727 286,517 287,517 287,516 477,516 477,515 750,515 750,514 790,514 790,513"/>
               </Shape>
               <TextLine HEIGHT="65" WIDTH="1543" VPOS="516" HPOS="336">
                  <String WC="0.67000001668930054"
                          CONTENT="On"
                          HEIGHT="35"
                          WIDTH="56"
                          VPOS="530"
                          HPOS="336">On</String>
                  <SP WIDTH="24" VPOS="533" HPOS="393"> </SP>
                  <String WC="0.68000000715255737"
                          CONTENT="the"
                          HEIGHT="35"
                          WIDTH="64"
                          VPOS="529"
                          HPOS="418">the</String>
                  <SP WIDTH="25" VPOS="530" HPOS="483"> </SP>
                  <String WC="0.27666667103767395"
                          CONTENT="8th"
                          HEIGHT="32"
                          WIDTH="65"
                          VPOS="530"
                          HPOS="509">8th</String>
                  <SP WIDTH="25" VPOS="529" HPOS="575"> </SP>
                  <String WC="0.81000000238418579"
                          CONTENT="day"
                          HEIGHT="43"
                          WIDTH="73"
                          VPOS="529"
                          HPOS="601">day</String>
                  <SP WIDTH="25" VPOS="541" HPOS="675"> </SP>
                  <String WC="0.38999998569488525"
                          CONTENT="of"
                          HEIGHT="33"
                          WIDTH="42"
                          VPOS="530"
                          HPOS="701">of</String>
                  <SP WIDTH="23" VPOS="528" HPOS="744"> </SP>
                  <String WC="0.75400000810623169"
                          CONTENT="September,"
                          HEIGHT="45"
                          WIDTH="232"
                          VPOS="528"
                          HPOS="768">September,</String>
                  <SP WIDTH="26" VPOS="531" HPOS="1001"> </SP>
                  <String WC="0.75599998235702515"
                          CONTENT="1906,"
                          HEIGHT="42"
                          WIDTH="100"
                          VPOS="528"
                          HPOS="1028">1906,</String>
                  <SP WIDTH="25" VPOS="530" HPOS="1129"> </SP>
                  <String WC="0.77666664123535156"
                          CONTENT="the"
                          HEIGHT="33"
                          WIDTH="63"
                          VPOS="528"
                          HPOS="1155">the</String>
                  <SP WIDTH="25" VPOS="529" HPOS="1219"> </SP>
                  <String WC="0.60166668891906738"
                          CONTENT="United"
                          HEIGHT="35"
                          WIDTH="144"
                          VPOS="527"
                          HPOS="1245">United</String>
                  <SP WIDTH="24" VPOS="528" HPOS="1390"> </SP>
                  <String WC="0.70499998331069946"
                          CONTENT="Sacred"
                          HEIGHT="34"
                          WIDTH="140"
                          VPOS="527"
                          HPOS="1415">Sacred</String>
                  <SP WIDTH="27" VPOS="528" HPOS="1556"> </SP>
                  <String WC="0.74500000476837158"
                          CONTENT="Harp"
                          HEIGHT="42"
                          WIDTH="105"
                          VPOS="527"
                          HPOS="1584">Harp</String>
                  <SP WIDTH="25" VPOS="526" HPOS="1690"> </SP>
                  <String WC="0.91857141256332397"
                          CONTENT="Musical"
                          HEIGHT="35"
                          WIDTH="163"
                          VPOS="524"
                          HPOS="1716">Musical</String>
               </TextLine>
               <TextLine HEIGHT="64" WIDTH="1589" VPOS="573" HPOS="289">
                  <String WC="0.79916667938232422"
                          CONTENT="Association,"
                          HEIGHT="44"
                          WIDTH="254"
                          VPOS="585"
                          HPOS="289">Association,</String>
                  <SP WIDTH="29" VPOS="586" HPOS="544"> </SP>
                  <String WC="0.62999999523162842"
                          CONTENT="in"
                          HEIGHT="33"
                          WIDTH="39"
                          VPOS="585"
                          HPOS="574">in</String>
                  <SP WIDTH="29" VPOS="585" HPOS="614"> </SP>
                  <String WC="0.78624999523162842"
                          CONTENT="Atlanta,"
                          HEIGHT="46"
                          WIDTH="173"
                          VPOS="584"
                          HPOS="644">Atlanta,</String>
                  <SP WIDTH="31" VPOS="585" HPOS="818"> </SP>
                  <String WC="0.7225000262260437"
                          CONTENT="Ga.,"
                          HEIGHT="42"
                          WIDTH="77"
                          VPOS="585"
                          HPOS="850">Ga.,</String>
                  <SP WIDTH="29" VPOS="596" HPOS="928"> </SP>
                  <String WC="0.96666663885116577"
                          CONTENT="passed"
                          HEIGHT="44"
                          WIDTH="136"
                          VPOS="585"
                          HPOS="958">passed</String>
                  <SP WIDTH="27" VPOS="586" HPOS="1095"> </SP>
                  <String WC="0.62000000476837158"
                          CONTENT="resolutions,"
                          HEIGHT="42"
                          WIDTH="238"
                          VPOS="584"
                          HPOS="1123">resolutions,</String>
                  <SP WIDTH="30" VPOS="584" HPOS="1362"> </SP>
                  <String WC="0.72555553913116455"
                          CONTENT="directing"
                          HEIGHT="43"
                          WIDTH="189"
                          VPOS="583"
                          HPOS="1393">directing</String>
                  <SP WIDTH="28" VPOS="585" HPOS="1583"> </SP>
                  <String WC="0.75666666030883789"
                          CONTENT="the"
                          HEIGHT="33"
                          WIDTH="63"
                          VPOS="582"
                          HPOS="1612">the</String>
                  <SP WIDTH="31" VPOS="592" HPOS="1676"> </SP>
                  <String WC="0.89571428298950195"
                          CONTENT="appoint"
                          HEIGHT="44"
                          WIDTH="157"
                          VPOS="581"
                          HPOS="1708"
                          SUBS_TYPE="HypPart1"
                          SUBS_CONTENT="appointment">appoint</String>
                  <HYP CONTENT="­"/>
               </TextLine>
               <TextLine HEIGHT="60" WIDTH="1589" VPOS="630" HPOS="290">
                  <String WC="0.47749999165534973"
                          CONTENT="ment"
                          HEIGHT="31"
                          WIDTH="103"
                          VPOS="645"
                          HPOS="290"
                          SUBS_TYPE="HypPart2"
                          SUBS_CONTENT="appointment">ment</String>
                  <SP WIDTH="27" VPOS="646" HPOS="394"> </SP>
                  <String WC="0.43000000715255737"
                          CONTENT="of"
                          HEIGHT="33"
                          WIDTH="41"
                          VPOS="643"
                          HPOS="422">of</String>
                  <SP WIDTH="27" VPOS="642" HPOS="464"> </SP>
                  <String WC="1."
                          CONTENT="a"
                          HEIGHT="21"
                          WIDTH="22"
                          VPOS="653"
                          HPOS="492">a</String>
                  <SP WIDTH="29" VPOS="653" HPOS="515"> </SP>
                  <String WC="0.87444442510604858"
                          CONTENT="committee"
                          HEIGHT="36"
                          WIDTH="214"
                          VPOS="641"
                          HPOS="545">committee</String>
                  <SP WIDTH="30" VPOS="652" HPOS="760"> </SP>
                  <String WC="0.59500002861022949"
                          CONTENT="on"
                          HEIGHT="22"
                          WIDTH="46"
                          VPOS="652"
                          HPOS="791">on</String>
                  <SP WIDTH="29" VPOS="644" HPOS="838"> </SP>
                  <String WC="0.64666664600372314"
                          CONTENT="the"
                          HEIGHT="33"
                          WIDTH="63"
                          VPOS="642"
                          HPOS="868">the</String>
                  <SP WIDTH="29" VPOS="652" HPOS="932"> </SP>
                  <String WC="0.875"
                          CONTENT="revision"
                          HEIGHT="34"
                          WIDTH="166"
                          VPOS="641"
                          HPOS="962">revision</String>
                  <SP WIDTH="29" VPOS="652" HPOS="1129"> </SP>
                  <String WC="0.63999998569488525"
                          CONTENT="of"
                          HEIGHT="33"
                          WIDTH="41"
                          VPOS="641"
                          HPOS="1159">of</String>
                  <SP WIDTH="27" VPOS="642" HPOS="1201"> </SP>
                  <String WC="0.67333334684371948"
                          CONTENT="the"
                          HEIGHT="32"
                          WIDTH="64"
                          VPOS="642"
                          HPOS="1229">the</String>
                  <SP WIDTH="29" VPOS="641" HPOS="1294"> </SP>
                  <String WC="0.6966666579246521"
                          CONTENT="Sacred"
                          HEIGHT="33"
                          WIDTH="140"
                          VPOS="641"
                          HPOS="1324">Sacred</String>
                  <SP WIDTH="28" VPOS="639" HPOS="1465"> </SP>
                  <String WC="0.70599997043609619"
                          CONTENT="Harp."
                          HEIGHT="44"
                          WIDTH="117"
                          VPOS="639"
                          HPOS="1494">Harp.</String>
                  <SP WIDTH="55" VPOS="638" HPOS="1612"> </SP>
                  <String WC="0.69749999046325684"
                          CONTENT="This"
                          HEIGHT="33"
                          WIDTH="88"
                          VPOS="638"
                          HPOS="1668">This</String>
                  <SP WIDTH="30" VPOS="649" HPOS="1757"> </SP>
                  <String WC="0.82333332300186157"
                          CONTENT="com"
                          HEIGHT="22"
                          WIDTH="78"
                          VPOS="650"
                          HPOS="1788"
                          SUBS_TYPE="HypPart1"
                          SUBS_CONTENT="committee">com</String>
                  <HYP CONTENT="­"/>
               </TextLine>
               <TextLine HEIGHT="64" WIDTH="1590" VPOS="686" HPOS="291">
                  <String WC="0.85333335399627686"
                          CONTENT="mittee"
                          HEIGHT="33"
                          WIDTH="134"
                          VPOS="700"
                          HPOS="291"
                          SUBS_TYPE="HypPart2"
                          SUBS_CONTENT="committee">mittee</String>
                  <SP WIDTH="34" VPOS="710" HPOS="425"> </SP>
                  <String WC="0.67333334684371948"
                          CONTENT="was"
                          HEIGHT="23"
                          WIDTH="78"
                          VPOS="709"
                          HPOS="459">was</String>
                  <SP WIDTH="32" VPOS="709" HPOS="537"> </SP>
                  <String WC="0.88333332538604736"
                          CONTENT="appointed"
                          HEIGHT="47"
                          WIDTH="208"
                          VPOS="695"
                          HPOS="570">appointed</String>
                  <SP WIDTH="33" VPOS="699" HPOS="778"> </SP>
                  <String WC="0.76333332061767578"
                          CONTENT="and"
                          HEIGHT="32"
                          WIDTH="76"
                          VPOS="699"
                          HPOS="811">and</String>
                  <SP WIDTH="32" VPOS="699" HPOS="887"> </SP>
                  <String WC="0.90333330631256104"
                          CONTENT="proceeded"
                          HEIGHT="45"
                          WIDTH="210"
                          VPOS="697"
                          HPOS="919">proceeded</String>
                  <SP WIDTH="34" VPOS="698" HPOS="1129"> </SP>
                  <String WC="0.56999999284744263"
                          CONTENT="with"
                          HEIGHT="32"
                          WIDTH="94"
                          VPOS="698"
                          HPOS="1163">with</String>
                  <SP WIDTH="35" VPOS="699" HPOS="1257"> </SP>
                  <String WC="0.67333334684371948"
                          CONTENT="the"
                          HEIGHT="33"
                          WIDTH="65"
                          VPOS="697"
                          HPOS="1292">the</String>
                  <SP WIDTH="34" VPOS="707" HPOS="1357"> </SP>
                  <String WC="0.75999999046325684"
                          CONTENT="work"
                          HEIGHT="33"
                          WIDTH="106"
                          VPOS="697"
                          HPOS="1391">work</String>
                  <SP WIDTH="34" VPOS="698" HPOS="1497"> </SP>
                  <String WC="0.84888887405395508"
                          CONTENT="specified"
                          HEIGHT="45"
                          WIDTH="177"
                          VPOS="695"
                          HPOS="1531">specified</String>
                  <SP WIDTH="34" VPOS="694" HPOS="1708"> </SP>
                  <String WC="0.30000001192092896"
                          CONTENT="in"
                          HEIGHT="32"
                          WIDTH="40"
                          VPOS="695"
                          HPOS="1742">in</String>
                  <SP WIDTH="35" VPOS="698" HPOS="1782"> </SP>
                  <String WC="0.68999999761581421"
                          CONTENT="the"
                          HEIGHT="33"
                          WIDTH="64"
                          VPOS="695"
                          HPOS="1817">the</String>
               </TextLine>
               <TextLine HEIGHT="63" WIDTH="1593" VPOS="742" HPOS="289">
                  <String WC="0.75166666507720947"
                          CONTENT="resolutions,"
                          HEIGHT="46"
                          WIDTH="240"
                          VPOS="754"
                          HPOS="289">resolutions,</String>
                  <SP WIDTH="30" VPOS="755" HPOS="530"> </SP>
                  <String WC="0.44333332777023315"
                          CONTENT="but"
                          HEIGHT="33"
                          WIDTH="70"
                          VPOS="755"
                          HPOS="561">but</String>
                  <SP WIDTH="29" VPOS="757" HPOS="632"> </SP>
                  <String WC="0.99333333969116211"
                          CONTENT="was"
                          HEIGHT="23"
                          WIDTH="77"
                          VPOS="765"
                          HPOS="662">was</String>
                  <SP WIDTH="29" VPOS="756" HPOS="740"> </SP>
                  <String WC="0.67000001668930054"
                          CONTENT="hindered"
                          HEIGHT="35"
                          WIDTH="184"
                          VPOS="754"
                          HPOS="770">hindered</String>
                  <SP WIDTH="29" VPOS="755" HPOS="955"> </SP>
                  <String WC="0.64999997615814209"
                          CONTENT="in"
                          HEIGHT="32"
                          WIDTH="40"
                          VPOS="755"
                          HPOS="985">in</String>
                  <SP WIDTH="28" VPOS="764" HPOS="1026"> </SP>
                  <String WC="0.62333333492279053"
                          CONTENT="one"
                          HEIGHT="22"
                          WIDTH="68"
                          VPOS="764"
                          HPOS="1055">one</String>
                  <SP WIDTH="32" VPOS="764" HPOS="1124"> </SP>
                  <String WC="0.95999997854232788"
                          CONTENT="way"
                          HEIGHT="33"
                          WIDTH="85"
                          VPOS="763"
                          HPOS="1157">way</String>
                  <SP WIDTH="29" VPOS="765" HPOS="1243"> </SP>
                  <String WC="0.76999998092651367"
                          CONTENT="and"
                          HEIGHT="32"
                          WIDTH="75"
                          VPOS="754"
                          HPOS="1273">and</String>
                  <SP WIDTH="30" VPOS="754" HPOS="1349"> </SP>
                  <String WC="0.76714283227920532"
                          CONTENT="another"
                          HEIGHT="34"
                          WIDTH="159"
                          VPOS="752"
                          HPOS="1380">another</String>
                  <SP WIDTH="31" VPOS="756" HPOS="1540"> </SP>
                  <String WC="0.84249997138977051"
                          CONTENT="from"
                          HEIGHT="31"
                          WIDTH="99"
                          VPOS="755"
                          HPOS="1572">from</String>
                  <SP WIDTH="31" VPOS="761" HPOS="1672"> </SP>
                  <String WC="0.64249998331069946"
                          CONTENT="carrying"
                          HEIGHT="44"
                          WIDTH="178"
                          VPOS="750"
                          HPOS="1704">carrying</String>
               </TextLine>
               <TextLine HEIGHT="60" WIDTH="1590" VPOS="799" HPOS="292">
                  <String WC="0.76333332061767578"
                          CONTENT="out"
                          HEIGHT="31"
                          WIDTH="65"
                          VPOS="815"
                          HPOS="292">out</String>
                  <SP WIDTH="22" VPOS="816" HPOS="358"> </SP>
                  <String WC="0.61000001430511475"
                          CONTENT="the"
                          HEIGHT="32"
                          WIDTH="64"
                          VPOS="813"
                          HPOS="381">the</String>
                  <SP WIDTH="22" VPOS="822" HPOS="446"> </SP>
                  <String WC="0.74000000953674316"
                          CONTENT="resolutions"
                          HEIGHT="34"
                          WIDTH="228"
                          VPOS="812"
                          HPOS="469">resolutions</String>
                  <SP WIDTH="23" VPOS="822" HPOS="698"> </SP>
                  <String WC="0.81400001049041748"
                          CONTENT="above"
                          HEIGHT="34"
                          WIDTH="120"
                          VPOS="811"
                          HPOS="722">above</String>
                  <SP WIDTH="23" VPOS="821" HPOS="843"> </SP>
                  <String WC="0.80500000715255737"
                          CONTENT="mentioned."
                          HEIGHT="35"
                          WIDTH="229"
                          VPOS="809"
                          HPOS="867">mentioned.</String>
                  <SP WIDTH="48" VPOS="809" HPOS="1097"> </SP>
                  <String WC="0.88571429252624512"
                          CONTENT="Several"
                          HEIGHT="34"
                          WIDTH="154"
                          VPOS="809"
                          HPOS="1146">Several</String>
                  <SP WIDTH="23" VPOS="810" HPOS="1301"> </SP>
                  <String WC="0.84500002861022949"
                          CONTENT="attempts"
                          HEIGHT="42"
                          WIDTH="185"
                          VPOS="810"
                          HPOS="1325">attempts</String>
                  <SP WIDTH="21" VPOS="811" HPOS="1511"> </SP>
                  <String WC="0.73500001430511475"
                          CONTENT="have"
                          HEIGHT="32"
                          WIDTH="97"
                          VPOS="810"
                          HPOS="1533">have</String>
                  <SP WIDTH="21" VPOS="808" HPOS="1631"> </SP>
                  <String WC="0.62749999761581421"
                          CONTENT="been"
                          HEIGHT="33"
                          WIDTH="96"
                          VPOS="808"
                          HPOS="1653">been</String>
                  <SP WIDTH="23" VPOS="818" HPOS="1750"> </SP>
                  <String WC="1."
                          CONTENT="made"
                          HEIGHT="32"
                          WIDTH="108"
                          VPOS="808"
                          HPOS="1774">made</String>
               </TextLine>
               <TextLine HEIGHT="63" WIDTH="1591" VPOS="855" HPOS="291">
                  <String WC="0.78666669130325317"
                          CONTENT="within"
                          HEIGHT="33"
                          WIDTH="136"
                          VPOS="869"
                          HPOS="291">within</String>
                  <SP WIDTH="24" VPOS="873" HPOS="428"> </SP>
                  <String WC="0.69999998807907104"
                          CONTENT="the"
                          HEIGHT="34"
                          WIDTH="63"
                          VPOS="868"
                          HPOS="453">the</String>
                  <SP WIDTH="23" VPOS="869" HPOS="517"> </SP>
                  <String WC="0.57249999046325684"
                          CONTENT="last"
                          HEIGHT="33"
                          WIDTH="75"
                          VPOS="868"
                          HPOS="541">last</String>
                  <SP WIDTH="21" VPOS="870" HPOS="617"> </SP>
                  <String WC="0.88333332538604736"
                          CONTENT="two"
                          HEIGHT="30"
                          WIDTH="76"
                          VPOS="871"
                          HPOS="639">two</String>
                  <SP WIDTH="23" VPOS="878" HPOS="716"> </SP>
                  <String WC="0.45500001311302185"
                          CONTENT="or"
                          HEIGHT="23"
                          WIDTH="40"
                          VPOS="878"
                          HPOS="740">or</String>
                  <SP WIDTH="23" VPOS="870" HPOS="781"> </SP>
                  <String WC="0.60600000619888306"
                          CONTENT="three"
                          HEIGHT="33"
                          WIDTH="106"
                          VPOS="867"
                          HPOS="805">three</String>
                  <SP WIDTH="23" VPOS="877" HPOS="912"> </SP>
                  <String WC="0.77600002288818359"
                          CONTENT="years"
                          HEIGHT="33"
                          WIDTH="110"
                          VPOS="877"
                          HPOS="936">years</String>
                  <SP WIDTH="23" VPOS="869" HPOS="1047"> </SP>
                  <String WC="0.86500000953674316"
                          CONTENT="to"
                          HEIGHT="30"
                          WIDTH="38"
                          VPOS="869"
                          HPOS="1071">to</String>
                  <SP WIDTH="23" VPOS="877" HPOS="1110"> </SP>
                  <String WC="0.94833332300186157"
                          CONTENT="revise"
                          HEIGHT="33"
                          WIDTH="123"
                          VPOS="866"
                          HPOS="1134">revise</String>
                  <SP WIDTH="24" VPOS="869" HPOS="1258"> </SP>
                  <String WC="0.69999998807907104"
                          CONTENT="the"
                          HEIGHT="33"
                          WIDTH="63"
                          VPOS="866"
                          HPOS="1283">the</String>
                  <SP WIDTH="24" VPOS="866" HPOS="1347"> </SP>
                  <String WC="0.76999998092651367"
                          CONTENT="Sacred"
                          HEIGHT="34"
                          WIDTH="140"
                          VPOS="865"
                          HPOS="1372">Sacred</String>
                  <SP WIDTH="23" VPOS="866" HPOS="1513"> </SP>
                  <String WC="0.74000000953674316"
                          CONTENT="Harp"
                          HEIGHT="42"
                          WIDTH="105"
                          VPOS="865"
                          HPOS="1537">Harp</String>
                  <SP WIDTH="24" VPOS="864" HPOS="1643"> </SP>
                  <String WC="0.63499999046325684"
                          CONTENT="by"
                          HEIGHT="42"
                          WIDTH="52"
                          VPOS="864"
                          HPOS="1668">by</String>
                  <SP WIDTH="22" VPOS="874" HPOS="1721"> </SP>
                  <String WC="0.70142859220504761"
                          CONTENT="others,"
                          HEIGHT="42"
                          WIDTH="138"
                          VPOS="863"
                          HPOS="1744">others,</String>
               </TextLine>
               <TextLine HEIGHT="60" WIDTH="1590" VPOS="913" HPOS="292">
                  <String WC="0.73333334922790527"
                          CONTENT="but"
                          HEIGHT="32"
                          WIDTH="69"
                          VPOS="926"
                          HPOS="292">but</String>
                  <SP WIDTH="23" VPOS="928" HPOS="362"> </SP>
                  <String WC="0.50999999046325684"
                          CONTENT="the"
                          HEIGHT="32"
                          WIDTH="63"
                          VPOS="926"
                          HPOS="386">the</String>
                  <SP WIDTH="23" VPOS="935" HPOS="450"> </SP>
                  <String WC="1."
                          CONTENT="work"
                          HEIGHT="32"
                          WIDTH="106"
                          VPOS="925"
                          HPOS="474">work</String>
                  <SP WIDTH="22" VPOS="925" HPOS="581"> </SP>
                  <String WC="0.76333332061767578"
                          CONTENT="was"
                          HEIGHT="24"
                          WIDTH="78"
                          VPOS="934"
                          HPOS="604">was</String>
                  <SP WIDTH="23" VPOS="926" HPOS="683"> </SP>
                  <String WC="0.78750002384185791"
                          CONTENT="done"
                          HEIGHT="34"
                          WIDTH="94"
                          VPOS="924"
                          HPOS="707">done</String>
                  <SP WIDTH="23" VPOS="924" HPOS="802"> </SP>
                  <String WC="0.52999997138977051"
                          CONTENT="in"
                          HEIGHT="31"
                          WIDTH="39"
                          VPOS="924"
                          HPOS="826">in</String>
                  <SP WIDTH="23" VPOS="934" HPOS="866"> </SP>
                  <String WC="0.47249999642372131"
                          CONTENT="such"
                          HEIGHT="33"
                          WIDTH="90"
                          VPOS="924"
                          HPOS="890">such</String>
                  <SP WIDTH="22" VPOS="925" HPOS="981"> </SP>
                  <String WC="1."
                          CONTENT="a"
                          HEIGHT="22"
                          WIDTH="22"
                          VPOS="934"
                          HPOS="1004">a</String>
                  <SP WIDTH="21" VPOS="933" HPOS="1027"> </SP>
                  <String WC="1."
                          CONTENT="way"
                          HEIGHT="31"
                          WIDTH="85"
                          VPOS="933"
                          HPOS="1049">way</String>
                  <SP WIDTH="22" VPOS="924" HPOS="1135"> </SP>
                  <String WC="0.46500000357627869"
                          CONTENT="this"
                          HEIGHT="33"
                          WIDTH="76"
                          VPOS="922"
                          HPOS="1158">this</String>
                  <SP WIDTH="24" VPOS="933" HPOS="1235"> </SP>
                  <String WC="0.77999997138977051"
                          CONTENT="committee"
                          HEIGHT="35"
                          WIDTH="214"
                          VPOS="921"
                          HPOS="1260">committee</String>
                  <SP WIDTH="26" VPOS="930" HPOS="1475"> </SP>
                  <String WC="0.67000001668930054"
                          CONTENT="could"
                          HEIGHT="34"
                          WIDTH="107"
                          VPOS="921"
                          HPOS="1502">could</String>
                  <SP WIDTH="23" VPOS="922" HPOS="1610"> </SP>
                  <String WC="0.58333331346511841"
                          CONTENT="not"
                          HEIGHT="32"
                          WIDTH="66"
                          VPOS="921"
                          HPOS="1634">not</String>
                  <SP WIDTH="25" VPOS="922" HPOS="1701"> </SP>
                  <String WC="0.63857144117355347"
                          CONTENT="endorse"
                          HEIGHT="33"
                          WIDTH="155"
                          VPOS="920"
                          HPOS="1727">endorse</String>
               </TextLine>
               <TextLine HEIGHT="63" WIDTH="1591" VPOS="968" HPOS="294">
                  <String WC="0.76666665077209473"
                          CONTENT="and"
                          HEIGHT="34"
                          WIDTH="75"
                          VPOS="982"
                          HPOS="294">and</String>
                  <SP WIDTH="30" VPOS="983" HPOS="370"> </SP>
                  <String WC="0.76999998092651367"
                          CONTENT="accept"
                          HEIGHT="43"
                          WIDTH="134"
                          VPOS="982"
                          HPOS="401">accept</String>
                  <SP WIDTH="30" VPOS="982" HPOS="535"> </SP>
                  <String WC="0.55000001192092896"
                          CONTENT="the"
                          HEIGHT="32"
                          WIDTH="64"
                          VPOS="981"
                          HPOS="566">the</String>
                  <SP WIDTH="32" VPOS="990" HPOS="631"> </SP>
                  <String WC="0.76800000667572021"
                          CONTENT="same,"
                          HEIGHT="34"
                          WIDTH="113"
                          VPOS="989"
                          HPOS="664">same,</String>
                  <SP WIDTH="35" VPOS="990" HPOS="777"> </SP>
                  <String WC="0.7225000262260437"
                          CONTENT="although"
                          HEIGHT="42"
                          WIDTH="184"
                          VPOS="980"
                          HPOS="812">although</String>
                  <SP WIDTH="32" VPOS="981" HPOS="996"> </SP>
                  <String WC="0.66200000047683716"
                          CONTENT="their"
                          HEIGHT="33"
                          WIDTH="100"
                          VPOS="979"
                          HPOS="1029">their</String>
                  <SP WIDTH="31" VPOS="989" HPOS="1130"> </SP>
                  <String WC="0.71399998664855957"
                          CONTENT="names"
                          HEIGHT="23"
                          WIDTH="128"
                          VPOS="988"
                          HPOS="1162">names</String>
                  <SP WIDTH="32" VPOS="988" HPOS="1291"> </SP>
                  <String WC="0.56999999284744263"
                          CONTENT="are"
                          HEIGHT="22"
                          WIDTH="63"
                          VPOS="987"
                          HPOS="1324">are</String>
                  <SP WIDTH="32" VPOS="987" HPOS="1388"> </SP>
                  <String WC="0.75125002861022949"
                          CONTENT="attached"
                          HEIGHT="35"
                          WIDTH="181"
                          VPOS="976"
                          HPOS="1421">attached</String>
                  <SP WIDTH="31" VPOS="977" HPOS="1603"> </SP>
                  <String WC="0.88999998569488525"
                          CONTENT="to"
                          HEIGHT="30"
                          WIDTH="39"
                          VPOS="978"
                          HPOS="1635">to</String>
                  <SP WIDTH="33" VPOS="985" HPOS="1675"> </SP>
                  <String WC="0.79250001907348633"
                          CONTENT="some"
                          HEIGHT="24"
                          WIDTH="98"
                          VPOS="985"
                          HPOS="1709">some</String>
                  <SP WIDTH="34" VPOS="986" HPOS="1808"> </SP>
                  <String WC="0.67500001192092896"
                          CONTENT="of"
                          HEIGHT="32"
                          WIDTH="41"
                          VPOS="976"
                          HPOS="1843">of</String>
               </TextLine>
               <TextLine HEIGHT="63" WIDTH="1591" VPOS="1025" HPOS="294">
                  <String WC="0.63400000333786011"
                          CONTENT="these"
                          HEIGHT="33"
                          WIDTH="105"
                          VPOS="1038"
                          HPOS="294">these</String>
                  <SP WIDTH="23" VPOS="1039" HPOS="400"> </SP>
                  <String WC="0.66600000858306885"
                          CONTENT="books"
                          HEIGHT="35"
                          WIDTH="118"
                          VPOS="1037"
                          HPOS="424">books</String>
                  <SP WIDTH="23" VPOS="1046" HPOS="543"> </SP>
                  <String WC="0.83499997854232788"
                          CONTENT="as"
                          HEIGHT="22"
                          WIDTH="42"
                          VPOS="1046"
                          HPOS="567">as</String>
                  <SP WIDTH="24" VPOS="1047" HPOS="610"> </SP>
                  <String WC="0.67000001668930054"
                          CONTENT="endorsing"
                          HEIGHT="45"
                          WIDTH="204"
                          VPOS="1036"
                          HPOS="635">endorsing</String>
                  <SP WIDTH="22" VPOS="1038" HPOS="840"> </SP>
                  <String WC="0.8619999885559082"
                          CONTENT="them."
                          HEIGHT="33"
                          WIDTH="114"
                          VPOS="1036"
                          HPOS="863">them.</String>
                  <SP WIDTH="49" VPOS="1036" HPOS="978"> </SP>
                  <String WC="0.76399999856948853"
                          CONTENT="This,"
                          HEIGHT="43"
                          WIDTH="100"
                          VPOS="1034"
                          HPOS="1028">This,</String>
                  <SP WIDTH="24" VPOS="1035" HPOS="1129"> </SP>
                  <String WC="0.78874999284744263"
                          CONTENT="however,"
                          HEIGHT="42"
                          WIDTH="186"
                          VPOS="1034"
                          HPOS="1154">however,</String>
                  <SP WIDTH="25" VPOS="1033" HPOS="1341"> </SP>
                  <String WC="0.72000002861022949"
                          CONTENT="is"
                          HEIGHT="32"
                          WIDTH="32"
                          VPOS="1033"
                          HPOS="1367">is</String>
                  <SP WIDTH="23" VPOS="1043" HPOS="1400"> </SP>
                  <String WC="0.72142857313156128"
                          CONTENT="without"
                          HEIGHT="34"
                          WIDTH="162"
                          VPOS="1033"
                          HPOS="1424">without</String>
                  <SP WIDTH="25" VPOS="1035" HPOS="1587"> </SP>
                  <String WC="0.62555557489395142"
                          CONTENT="authority"
                          HEIGHT="44"
                          WIDTH="197"
                          VPOS="1031"
                          HPOS="1613">authority</String>
                  <SP WIDTH="22" VPOS="1034" HPOS="1811"> </SP>
                  <String WC="0.6600000262260437"
                          CONTENT="by"
                          HEIGHT="41"
                          WIDTH="51"
                          VPOS="1034"
                          HPOS="1834">by</String>
               </TextLine>
               <TextLine HEIGHT="53" WIDTH="1590" VPOS="1081" HPOS="294">
                  <String WC="0.55000001192092896"
                          CONTENT="the"
                          HEIGHT="33"
                          WIDTH="64"
                          VPOS="1094"
                          HPOS="294">the</String>
                  <SP WIDTH="29" VPOS="1105" HPOS="359"> </SP>
                  <String WC="0.73714286088943481"
                          CONTENT="members"
                          HEIGHT="35"
                          WIDTH="184"
                          VPOS="1092"
                          HPOS="389">members</String>
                  <SP WIDTH="29" VPOS="1103" HPOS="574"> </SP>
                  <String WC="0.40000000596046448"
                          CONTENT="of"
                          HEIGHT="34"
                          WIDTH="41"
                          VPOS="1092"
                          HPOS="604">of</String>
                  <SP WIDTH="28" VPOS="1092" HPOS="646"> </SP>
                  <String WC="0.73000001907348633"
                          CONTENT="the"
                          HEIGHT="33"
                          WIDTH="64"
                          VPOS="1093"
                          HPOS="675">the</String>
                  <SP WIDTH="32" VPOS="1101" HPOS="740"> </SP>
                  <String WC="0.76499998569488525"
                          CONTENT="committee."
                          HEIGHT="34"
                          WIDTH="226"
                          VPOS="1091"
                          HPOS="773">committee.</String>
                  <SP WIDTH="56" VPOS="1091" HPOS="1000"> </SP>
                  <String WC="0.68666666746139526"
                          CONTENT="The"
                          HEIGHT="31"
                          WIDTH="76"
                          VPOS="1091"
                          HPOS="1057">The</String>
                  <SP WIDTH="31" VPOS="1100" HPOS="1134"> </SP>
                  <String WC="0.74454545974731445"
                          CONTENT="endorsement"
                          HEIGHT="35"
                          WIDTH="262"
                          VPOS="1089"
                          HPOS="1166">endorsement</String>
                  <SP WIDTH="32" VPOS="1091" HPOS="1429"> </SP>
                  <String WC="0.80199998617172241"
                          CONTENT="could"
                          HEIGHT="35"
                          WIDTH="108"
                          VPOS="1088"
                          HPOS="1462">could</String>
                  <SP WIDTH="29" VPOS="1090" HPOS="1571"> </SP>
                  <String WC="0.42666667699813843"
                          CONTENT="not"
                          HEIGHT="32"
                          WIDTH="67"
                          VPOS="1090"
                          HPOS="1601">not</String>
                  <SP WIDTH="28" VPOS="1088" HPOS="1669"> </SP>
                  <String WC="0.47499999403953552"
                          CONTENT="be"
                          HEIGHT="32"
                          WIDTH="46"
                          VPOS="1089"
                          HPOS="1698">be</String>
                  <SP WIDTH="29" VPOS="1098" HPOS="1745"> </SP>
                  <String WC="1."
                          CONTENT="made"
                          HEIGHT="32"
                          WIDTH="109"
                          VPOS="1089"
                          HPOS="1775">made</String>
               </TextLine>
               <TextLine HEIGHT="60" WIDTH="1589" VPOS="1137" HPOS="294">
                  <String WC="0.84857141971588135"
                          CONTENT="because"
                          HEIGHT="32"
                          WIDTH="159"
                          VPOS="1151"
                          HPOS="294">because</String>
                  <SP WIDTH="28" VPOS="1151" HPOS="454"> </SP>
                  <String WC="0.6600000262260437"
                          CONTENT="the"
                          HEIGHT="32"
                          WIDTH="63"
                          VPOS="1149"
                          HPOS="483">the</String>
                  <SP WIDTH="27" VPOS="1159" HPOS="547"> </SP>
                  <String WC="0.88625001907348633"
                          CONTENT="revisors"
                          HEIGHT="36"
                          WIDTH="164"
                          VPOS="1148"
                          HPOS="575">revisors</String>
                  <SP WIDTH="28" VPOS="1158" HPOS="740"> </SP>
                  <String WC="0.57499998807907104"
                          CONTENT="of"
                          HEIGHT="32"
                          WIDTH="41"
                          VPOS="1148"
                          HPOS="769">of</String>
                  <SP WIDTH="27" VPOS="1148" HPOS="811"> </SP>
                  <String WC="0.68999999761581421"
                          CONTENT="these"
                          HEIGHT="33"
                          WIDTH="105"
                          VPOS="1148"
                          HPOS="839">these</String>
                  <SP WIDTH="29" VPOS="1159" HPOS="945"> </SP>
                  <String WC="0.85428571701049805"
                          CONTENT="volumes"
                          HEIGHT="34"
                          WIDTH="168"
                          VPOS="1147"
                          HPOS="975">volumes</String>
                  <SP WIDTH="27" VPOS="1147" HPOS="1144"> </SP>
                  <String WC="0.88999998569488525"
                          CONTENT="did"
                          HEIGHT="34"
                          WIDTH="63"
                          VPOS="1146"
                          HPOS="1172">did</String>
                  <SP WIDTH="27" VPOS="1148" HPOS="1236"> </SP>
                  <String WC="0.56000000238418579"
                          CONTENT="not"
                          HEIGHT="31"
                          WIDTH="66"
                          VPOS="1148"
                          HPOS="1264">not</String>
                  <SP WIDTH="28" VPOS="1148" HPOS="1331"> </SP>
                  <String WC="0.93333333730697632"
                          CONTENT="comply"
                          HEIGHT="44"
                          WIDTH="146"
                          VPOS="1145"
                          HPOS="1360">comply</String>
                  <SP WIDTH="25" VPOS="1156" HPOS="1507"> </SP>
                  <String WC="0.67750000953674316"
                          CONTENT="with"
                          HEIGHT="33"
                          WIDTH="93"
                          VPOS="1145"
                          HPOS="1533">with</String>
                  <SP WIDTH="27" VPOS="1145" HPOS="1627"> </SP>
                  <String WC="0.60333335399627686"
                          CONTENT="the"
                          HEIGHT="33"
                          WIDTH="64"
                          VPOS="1144"
                          HPOS="1655">the</String>
                  <SP WIDTH="27" VPOS="1154" HPOS="1720"> </SP>
                  <String WC="0.67333334684371948"
                          CONTENT="resolu"
                          HEIGHT="33"
                          WIDTH="121"
                          VPOS="1144"
                          HPOS="1748"
                          SUBS_TYPE="HypPart1"
                          SUBS_CONTENT="resolutions">resolu</String>
                  <HYP CONTENT="­"/>
               </TextLine>
               <TextLine HEIGHT="62" WIDTH="1589" VPOS="1192" HPOS="295">
                  <String WC="0.65600001811981201"
                          CONTENT="tions"
                          HEIGHT="33"
                          WIDTH="100"
                          VPOS="1206"
                          HPOS="295"
                          SUBS_TYPE="HypPart2"
                          SUBS_CONTENT="resolutions">tions</String>
                  <SP WIDTH="23" VPOS="1217" HPOS="396"> </SP>
                  <String WC="0.61000001430511475"
                          CONTENT="under"
                          HEIGHT="33"
                          WIDTH="119"
                          VPOS="1206"
                          HPOS="420">under</String>
                  <SP WIDTH="22" VPOS="1215" HPOS="540"> </SP>
                  <String WC="0.64399999380111694"
                          CONTENT="which"
                          HEIGHT="33"
                          WIDTH="123"
                          VPOS="1205"
                          HPOS="563">which</String>
                  <SP WIDTH="22" VPOS="1205" HPOS="687"> </SP>
                  <String WC="0.62666666507720947"
                          CONTENT="the"
                          HEIGHT="34"
                          WIDTH="64"
                          VPOS="1204"
                          HPOS="710">the</String>
                  <SP WIDTH="25" VPOS="1214" HPOS="775"> </SP>
                  <String WC="0.80111110210418701"
                          CONTENT="committee"
                          HEIGHT="34"
                          WIDTH="214"
                          VPOS="1203"
                          HPOS="801">committee</String>
                  <SP WIDTH="23" VPOS="1214" HPOS="1016"> </SP>
                  <String WC="0.79666668176651001"
                          CONTENT="was"
                          HEIGHT="23"
                          WIDTH="78"
                          VPOS="1213"
                          HPOS="1040">was</String>
                  <SP WIDTH="22" VPOS="1212" HPOS="1119"> </SP>
                  <String WC="0.72200000286102295"
                          CONTENT="appointed,"
                          HEIGHT="44"
                          WIDTH="217"
                          VPOS="1201"
                          HPOS="1142">appointed,</String>
                  <SP WIDTH="24" VPOS="1212" HPOS="1360"> </SP>
                  <String WC="0.76999998092651367"
                          CONTENT="and"
                          HEIGHT="33"
                          WIDTH="75"
                          VPOS="1201"
                          HPOS="1385">and</String>
                  <SP WIDTH="22" VPOS="1201" HPOS="1461"> </SP>
                  <String WC="0.69800001382827759"
                          CONTENT="after"
                          HEIGHT="32"
                          WIDTH="104"
                          VPOS="1203"
                          HPOS="1484">after</String>
                  <SP WIDTH="22" VPOS="1212" HPOS="1589"> </SP>
                  <String WC="0.67666667699813843"
                          CONTENT="all"
                          HEIGHT="33"
                          WIDTH="51"
                          VPOS="1200"
                          HPOS="1612">all</String>
                  <SP WIDTH="24" VPOS="1200" HPOS="1664"> </SP>
                  <String WC="0.58714288473129272"
                          CONTENT="efforts"
                          HEIGHT="36"
                          WIDTH="131"
                          VPOS="1198"
                          HPOS="1689">efforts</String>
                  <SP WIDTH="24" VPOS="1202" HPOS="1821"> </SP>
                  <String WC="0.64999997615814209"
                          CONTENT="to"
                          HEIGHT="31"
                          WIDTH="38"
                          VPOS="1201"
                          HPOS="1846">to</String>
               </TextLine>
               <TextLine HEIGHT="63" WIDTH="1591" VPOS="1250" HPOS="295">
                  <String WC="0.74666666984558105"
                          CONTENT="get"
                          HEIGHT="42"
                          WIDTH="64"
                          VPOS="1264"
                          HPOS="295">get</String>
                  <SP WIDTH="29" VPOS="1265" HPOS="360"> </SP>
                  <String WC="1."
                          CONTENT="a"
                          HEIGHT="23"
                          WIDTH="22"
                          VPOS="1273"
                          HPOS="390">a</String>
                  <SP WIDTH="29" VPOS="1263" HPOS="413"> </SP>
                  <String WC="0.625"
                          CONTENT="book"
                          HEIGHT="34"
                          WIDTH="99"
                          VPOS="1261"
                          HPOS="443">book</String>
                  <SP WIDTH="29" VPOS="1262" HPOS="543"> </SP>
                  <String WC="0.79111111164093018"
                          CONTENT="published"
                          HEIGHT="45"
                          WIDTH="200"
                          VPOS="1259"
                          HPOS="573">published</String>
                  <SP WIDTH="28" VPOS="1261" HPOS="774"> </SP>
                  <String WC="0.97000002861022949"
                          CONTENT="as"
                          HEIGHT="22"
                          WIDTH="42"
                          VPOS="1270"
                          HPOS="803">as</String>
                  <SP WIDTH="28" VPOS="1270" HPOS="846"> </SP>
                  <String WC="0.91888886690139771"
                          CONTENT="specified"
                          HEIGHT="45"
                          WIDTH="177"
                          VPOS="1258"
                          HPOS="875">specified</String>
                  <SP WIDTH="29" VPOS="1260" HPOS="1053"> </SP>
                  <String WC="0.79000002145767212"
                          CONTENT="and"
                          HEIGHT="31"
                          WIDTH="74"
                          VPOS="1260"
                          HPOS="1083">and</String>
                  <SP WIDTH="28" VPOS="1260" HPOS="1158"> </SP>
                  <String WC="0.84624999761581421"
                          CONTENT="required"
                          HEIGHT="44"
                          WIDTH="175"
                          VPOS="1257"
                          HPOS="1187">required</String>
                  <SP WIDTH="28" VPOS="1257" HPOS="1363"> </SP>
                  <String WC="0.48500001430511475"
                          CONTENT="in"
                          HEIGHT="33"
                          WIDTH="39"
                          VPOS="1257"
                          HPOS="1392">in</String>
                  <SP WIDTH="27" VPOS="1260" HPOS="1432"> </SP>
                  <String WC="0.77666664123535156"
                          CONTENT="the"
                          HEIGHT="34"
                          WIDTH="64"
                          VPOS="1257"
                          HPOS="1460">the</String>
                  <SP WIDTH="28" VPOS="1268" HPOS="1525"> </SP>
                  <String WC="0.68818181753158569"
                          CONTENT="resolutions"
                          HEIGHT="36"
                          WIDTH="226"
                          VPOS="1256"
                          HPOS="1554">resolutions</String>
                  <SP WIDTH="28" VPOS="1258" HPOS="1781"> </SP>
                  <String WC="0.44999998807907104"
                          CONTENT="had"
                          HEIGHT="32"
                          WIDTH="75"
                          VPOS="1257"
                          HPOS="1810">had</String>
               </TextLine>
               <TextLine HEIGHT="64" WIDTH="1593" VPOS="1305" HPOS="294">
                  <String WC="0.8571428656578064"
                          CONTENT="failed,"
                          HEIGHT="43"
                          WIDTH="134"
                          VPOS="1318"
                          HPOS="294">failed,</String>
                  <SP WIDTH="33" VPOS="1328" HPOS="429"> </SP>
                  <String WC="0.76666665077209473"
                          CONTENT="and"
                          HEIGHT="32"
                          WIDTH="74"
                          VPOS="1319"
                          HPOS="463">and</String>
                  <SP WIDTH="33" VPOS="1318" HPOS="538"> </SP>
                  <String WC="0.43000000715255737"
                          CONTENT="no"
                          HEIGHT="22"
                          WIDTH="48"
                          VPOS="1328"
                          HPOS="572">no</String>
                  <SP WIDTH="31" VPOS="1327" HPOS="621"> </SP>
                  <String WC="0.88125002384185791"
                          CONTENT="prospect"
                          HEIGHT="42"
                          WIDTH="176"
                          VPOS="1318"
                          HPOS="653">prospect</String>
                  <SP WIDTH="33" VPOS="1318" HPOS="830"> </SP>
                  <String WC="0.40000000596046448"
                          CONTENT="of"
                          HEIGHT="32"
                          WIDTH="42"
                          VPOS="1316"
                          HPOS="864">of</String>
                  <SP WIDTH="32" VPOS="1316" HPOS="907"> </SP>
                  <String WC="0.67857140302658081"
                          CONTENT="getting"
                          HEIGHT="44"
                          WIDTH="153"
                          VPOS="1315"
                          HPOS="940">getting</String>
                  <SP WIDTH="29" VPOS="1324" HPOS="1094"> </SP>
                  <String WC="1."
                          CONTENT="a"
                          HEIGHT="23"
                          WIDTH="23"
                          VPOS="1324"
                          HPOS="1124">a</String>
                  <SP WIDTH="32" VPOS="1324" HPOS="1148"> </SP>
                  <String WC="0.70181816816329956"
                          CONTENT="publication"
                          HEIGHT="46"
                          WIDTH="237"
                          VPOS="1312"
                          HPOS="1181">publication</String>
                  <SP WIDTH="34" VPOS="1313" HPOS="1419"> </SP>
                  <String WC="0.625"
                          CONTENT="in"
                          HEIGHT="33"
                          WIDTH="39"
                          VPOS="1313"
                          HPOS="1454">in</String>
                  <SP WIDTH="32" VPOS="1323" HPOS="1494"> </SP>
                  <String WC="0.71299999952316284"
                          CONTENT="accordance"
                          HEIGHT="35"
                          WIDTH="230"
                          VPOS="1313"
                          HPOS="1527">accordance</String>
                  <SP WIDTH="33" VPOS="1322" HPOS="1758"> </SP>
                  <String WC="0.76499998569488525"
                          CONTENT="with"
                          HEIGHT="32"
                          WIDTH="95"
                          VPOS="1312"
                          HPOS="1792">with</String>
               </TextLine>
               <TextLine HEIGHT="62" WIDTH="1591" VPOS="1363" HPOS="296">
                  <String WC="0.55000001192092896"
                          CONTENT="the"
                          HEIGHT="32"
                          WIDTH="64"
                          VPOS="1376"
                          HPOS="296">the</String>
                  <SP WIDTH="32" VPOS="1386" HPOS="361"> </SP>
                  <String WC="0.71749997138977051"
                          CONTENT="resolutions,"
                          HEIGHT="47"
                          WIDTH="239"
                          VPOS="1373"
                          HPOS="394">resolutions,</String>
                  <SP WIDTH="31" VPOS="1377" HPOS="634"> </SP>
                  <String WC="0.68333333730697632"
                          CONTENT="the"
                          HEIGHT="33"
                          WIDTH="65"
                          VPOS="1374"
                          HPOS="666">the</String>
                  <SP WIDTH="33" VPOS="1383" HPOS="732"> </SP>
                  <String WC="0.75"
                          CONTENT="committee"
                          HEIGHT="34"
                          WIDTH="215"
                          VPOS="1373"
                          HPOS="766">committee</String>
                  <SP WIDTH="31" VPOS="1383" HPOS="982"> </SP>
                  <String WC="0.88777780532836914"
                          CONTENT="proceeded"
                          HEIGHT="44"
                          WIDTH="208"
                          VPOS="1372"
                          HPOS="1014">proceeded</String>
                  <SP WIDTH="33" VPOS="1372" HPOS="1223"> </SP>
                  <String WC="0.76499998569488525"
                          CONTENT="last"
                          HEIGHT="33"
                          WIDTH="75"
                          VPOS="1371"
                          HPOS="1257">last</String>
                  <SP WIDTH="31" VPOS="1370" HPOS="1333"> </SP>
                  <String WC="0.52375000715255737"
                          CONTENT="February"
                          HEIGHT="44"
                          WIDTH="196"
                          VPOS="1370"
                          HPOS="1365">February</String>
                  <SP WIDTH="33" VPOS="1378" HPOS="1562"> </SP>
                  <String WC="0.56000000238418579"
                          CONTENT="to"
                          HEIGHT="27"
                          WIDTH="38"
                          VPOS="1377"
                          HPOS="1596">to</String>
                  <SP WIDTH="32" VPOS="1380" HPOS="1635"> </SP>
                  <String WC="0.9375"
                          CONTENT="make"
                          HEIGHT="32"
                          WIDTH="109"
                          VPOS="1370"
                          HPOS="1668">make</String>
                  <SP WIDTH="34" VPOS="1379" HPOS="1778"> </SP>
                  <String WC="0.75"
                          CONTENT="and"
                          HEIGHT="32"
                          WIDTH="74"
                          VPOS="1370"
                          HPOS="1813">and</String>
               </TextLine>
               <TextLine HEIGHT="64" WIDTH="1591" VPOS="1417" HPOS="297">
                  <String WC="0.88857144117355347"
                          CONTENT="compile"
                          HEIGHT="43"
                          WIDTH="157"
                          VPOS="1431"
                          HPOS="297">compile</String>
                  <SP WIDTH="29" VPOS="1440" HPOS="455"> </SP>
                  <String WC="0.66750001907348633"
                          CONTENT="what"
                          HEIGHT="33"
                          WIDTH="103"
                          VPOS="1430"
                          HPOS="485">what</String>
                  <SP WIDTH="29" VPOS="1432" HPOS="589"> </SP>
                  <String WC="0.6875"
                          CONTENT="they"
                          HEIGHT="44"
                          WIDTH="93"
                          VPOS="1430"
                          HPOS="619">they</String>
                  <SP WIDTH="29" VPOS="1431" HPOS="713"> </SP>
                  <String WC="0.78750002384185791"
                          CONTENT="have"
                          HEIGHT="32"
                          WIDTH="98"
                          VPOS="1430"
                          HPOS="743">have</String>
                  <SP WIDTH="31" VPOS="1438" HPOS="842"> </SP>
                  <String WC="0.66200000047683716"
                          CONTENT="christened"
                          HEIGHT="35"
                          WIDTH="216"
                          VPOS="1427"
                          HPOS="874">christened</String>
                  <SP WIDTH="30" VPOS="1429" HPOS="1091"> </SP>
                  <String WC="0.43000000715255737"
                          CONTENT="the"
                          HEIGHT="32"
                          WIDTH="64"
                          VPOS="1428"
                          HPOS="1122">the</String>
                  <SP WIDTH="31" VPOS="1427" HPOS="1187"> </SP>
                  <String WC="1."
                          CONTENT="“"
                          HEIGHT="17"
                          WIDTH="29"
                          VPOS="1428"
                          HPOS="1219">“</String>
                  <SP WIDTH="9" VPOS="1427" HPOS="1249"> </SP>
                  <String WC="0.65874999761581421"
                          CONTENT="Original"
                          HEIGHT="44"
                          WIDTH="172"
                          VPOS="1425"
                          HPOS="1259">Original</String>
                  <SP WIDTH="32" VPOS="1425" HPOS="1432"> </SP>
                  <String WC="0.69333332777023315"
                          CONTENT="Sacred"
                          HEIGHT="35"
                          WIDTH="140"
                          VPOS="1425"
                          HPOS="1465">Sacred</String>
                  <SP WIDTH="32" VPOS="1426" HPOS="1606"> </SP>
                  <String WC="0.75666666030883789"
                          CONTENT="Harp.”"
                          HEIGHT="44"
                          WIDTH="157"
                          VPOS="1423"
                          HPOS="1639">Harp.”</String>
                  <SP WIDTH="55" VPOS="1424" HPOS="1797"> </SP>
                  <String WC="1."
                          CONTENT="A"
                          HEIGHT="33"
                          WIDTH="35"
                          VPOS="1424"
                          HPOS="1853">A</String>
               </TextLine>
               <TextLine HEIGHT="63" WIDTH="1336" VPOS="1475" HPOS="296">
                  <String WC="0.68400001525878906"
                          CONTENT="brief"
                          HEIGHT="34"
                          WIDTH="103"
                          VPOS="1486"
                          HPOS="296">brief</String>
                  <SP WIDTH="21" VPOS="1487" HPOS="400"> </SP>
                  <String WC="0.77444446086883545"
                          CONTENT="statement"
                          HEIGHT="34"
                          WIDTH="206"
                          VPOS="1487"
                          HPOS="422">statement</String>
                  <SP WIDTH="22" VPOS="1488" HPOS="629"> </SP>
                  <String WC="0.47999998927116394"
                          CONTENT="of"
                          HEIGHT="32"
                          WIDTH="42"
                          VPOS="1487"
                          HPOS="652">of</String>
                  <SP WIDTH="21" VPOS="1487" HPOS="695"> </SP>
                  <String WC="0.67333334684371948"
                          CONTENT="the"
                          HEIGHT="34"
                          WIDTH="64"
                          VPOS="1486"
                          HPOS="717">the</String>
                  <SP WIDTH="23" VPOS="1496" HPOS="782"> </SP>
                  <String WC="0.73750001192092896"
                          CONTENT="work"
                          HEIGHT="32"
                          WIDTH="105"
                          VPOS="1486"
                          HPOS="806">work</String>
                  <SP WIDTH="19" VPOS="1486" HPOS="912"> </SP>
                  <String WC="0.75111109018325806"
                          CONTENT="performed"
                          HEIGHT="44"
                          WIDTH="218"
                          VPOS="1484"
                          HPOS="932">performed</String>
                  <SP WIDTH="21" VPOS="1483" HPOS="1151"> </SP>
                  <String WC="0.63499999046325684"
                          CONTENT="is"
                          HEIGHT="33"
                          WIDTH="32"
                          VPOS="1483"
                          HPOS="1173">is</String>
                  <SP WIDTH="22" VPOS="1484" HPOS="1206"> </SP>
                  <String WC="0.49500000476837158"
                          CONTENT="in"
                          HEIGHT="31"
                          WIDTH="39"
                          VPOS="1484"
                          HPOS="1229">in</String>
                  <SP WIDTH="20" VPOS="1494" HPOS="1269"> </SP>
                  <String WC="0.73750001192092896"
                          CONTENT="part"
                          HEIGHT="43"
                          WIDTH="88"
                          VPOS="1484"
                          HPOS="1290">part</String>
                  <SP WIDTH="23" VPOS="1484" HPOS="1379"> </SP>
                  <String WC="0.70999997854232788"
                          CONTENT="as"
                          HEIGHT="23"
                          WIDTH="41"
                          VPOS="1492"
                          HPOS="1403">as</String>
                  <SP WIDTH="20" VPOS="1480" HPOS="1445"> </SP>
                  <String WC="0.72750002145767212"
                          CONTENT="follows:"
                          HEIGHT="37"
                          WIDTH="166"
                          VPOS="1479"
                          HPOS="1466">follows:</String>
               </TextLine>
               <TextLine HEIGHT="53" WIDTH="1543" VPOS="1555" HPOS="345">
                  <String WC="0.83499997854232788"
                          CONTENT="1."
                          HEIGHT="33"
                          WIDTH="31"
                          VPOS="1568"
                          HPOS="345">1.</String>
                  <SP WIDTH="52" VPOS="1567" HPOS="375"> </SP>
                  <String WC="0.67750000953674316"
                          CONTENT="None"
                          HEIGHT="33"
                          WIDTH="108"
                          VPOS="1566"
                          HPOS="427">None</String>
                  <SP WIDTH="31" VPOS="1576" HPOS="534"> </SP>
                  <String WC="0.43999999761581421"
                          CONTENT="of"
                          HEIGHT="32"
                          WIDTH="43"
                          VPOS="1566"
                          HPOS="564">of</String>
                  <SP WIDTH="29" VPOS="1565" HPOS="606"> </SP>
                  <String WC="0.76333332061767578"
                          CONTENT="the"
                          HEIGHT="33"
                          WIDTH="66"
                          VPOS="1566"
                          HPOS="634">the</String>
                  <SP WIDTH="30" VPOS="1569" HPOS="699"> </SP>
                  <String WC="0.52399998903274536"
                          CONTENT="tunes"
                          HEIGHT="32"
                          WIDTH="113"
                          VPOS="1567"
                          HPOS="728">tunes</String>
                  <SP WIDTH="28" VPOS="1565" HPOS="840"> </SP>
                  <String WC="0.82999998331069946"
                          CONTENT="have"
                          HEIGHT="34"
                          WIDTH="100"
                          VPOS="1564"
                          HPOS="867">have</String>
                  <SP WIDTH="29" VPOS="1565" HPOS="966"> </SP>
                  <String WC="0.68999999761581421"
                          CONTENT="been"
                          HEIGHT="33"
                          WIDTH="97"
                          VPOS="1564"
                          HPOS="994">been</String>
                  <SP WIDTH="29" VPOS="1573" HPOS="1090"> </SP>
                  <String WC="0.93142855167388916"
                          CONTENT="removed"
                          HEIGHT="33"
                          WIDTH="179"
                          VPOS="1563"
                          HPOS="1118">removed</String>
                  <SP WIDTH="29" VPOS="1562" HPOS="1296"> </SP>
                  <String WC="0.68000000715255737"
                          CONTENT="from"
                          HEIGHT="35"
                          WIDTH="102"
                          VPOS="1561"
                          HPOS="1324">from</String>
                  <SP WIDTH="31" VPOS="1563" HPOS="1425"> </SP>
                  <String WC="0.50666666030883789"
                          CONTENT="the"
                          HEIGHT="34"
                          WIDTH="65"
                          VPOS="1561"
                          HPOS="1456">the</String>
                  <SP WIDTH="30" VPOS="1562" HPOS="1520"> </SP>
                  <String WC="0.75749999284744263"
                          CONTENT="book"
                          HEIGHT="35"
                          WIDTH="102"
                          VPOS="1561"
                          HPOS="1549">book</String>
                  <SP WIDTH="27" VPOS="1562" HPOS="1651"> </SP>
                  <String WC="0.86000001430511475"
                          CONTENT="as"
                          HEIGHT="21"
                          WIDTH="43"
                          VPOS="1572"
                          HPOS="1678">as</String>
                  <SP WIDTH="28" VPOS="1561" HPOS="1721"> </SP>
                  <String WC="0.625"
                          CONTENT="it"
                          HEIGHT="34"
                          WIDTH="33"
                          VPOS="1561"
                          HPOS="1749">it</String>
                  <SP WIDTH="28" VPOS="1564" HPOS="1782"> </SP>
                  <String WC="0.58666664361953735"
                          CONTENT="was"
                          HEIGHT="23"
                          WIDTH="78"
                          VPOS="1572"
                          HPOS="1810">was</String>
               </TextLine>
               <TextLine HEIGHT="60" WIDTH="1591" VPOS="1611" HPOS="296">
                  <String WC="0.68333333730697632"
                          CONTENT="published"
                          HEIGHT="45"
                          WIDTH="202"
                          VPOS="1621"
                          HPOS="296">published</String>
                  <SP WIDTH="30" VPOS="1622" HPOS="499"> </SP>
                  <String WC="0.33000001311302185"
                          CONTENT="in"
                          HEIGHT="33"
                          WIDTH="39"
                          VPOS="1621"
                          HPOS="530">in</String>
                  <SP WIDTH="33" VPOS="1624" HPOS="570"> </SP>
                  <String WC="0.93000000715255737"
                          CONTENT="1869."
                          HEIGHT="36"
                          WIDTH="100"
                          VPOS="1620"
                          HPOS="604">1869.</String>
                  <SP WIDTH="53" VPOS="1621" HPOS="705"> </SP>
                  <String WC="0.97333335876464844"
                          CONTENT="All"
                          HEIGHT="32"
                          WIDTH="63"
                          VPOS="1620"
                          HPOS="759">All</String>
                  <SP WIDTH="30" VPOS="1620" HPOS="823"> </SP>
                  <String WC="0.6600000262260437"
                          CONTENT="retain"
                          HEIGHT="34"
                          WIDTH="126"
                          VPOS="1620"
                          HPOS="854">retain</String>
                  <SP WIDTH="30" VPOS="1623" HPOS="981"> </SP>
                  <String WC="0.54000002145767212"
                          CONTENT="the"
                          HEIGHT="33"
                          WIDTH="64"
                          VPOS="1620"
                          HPOS="1012">the</String>
                  <SP WIDTH="32" VPOS="1629" HPOS="1077"> </SP>
                  <String WC="0.84249997138977051"
                          CONTENT="same"
                          HEIGHT="24"
                          WIDTH="100"
                          VPOS="1628"
                          HPOS="1110">same</String>
                  <SP WIDTH="30" VPOS="1630" HPOS="1211"> </SP>
                  <String WC="0.73400002717971802"
                          CONTENT="names"
                          HEIGHT="25"
                          WIDTH="128"
                          VPOS="1627"
                          HPOS="1242">names</String>
                  <SP WIDTH="33" VPOS="1627" HPOS="1371"> </SP>
                  <String WC="0.75"
                          CONTENT="and"
                          HEIGHT="33"
                          WIDTH="74"
                          VPOS="1618"
                          HPOS="1405">and</String>
                  <SP WIDTH="32" VPOS="1618" HPOS="1480"> </SP>
                  <String WC="0.80166667699813843"
                          CONTENT="occupy"
                          HEIGHT="34"
                          WIDTH="143"
                          VPOS="1627"
                          HPOS="1513">occupy</String>
                  <SP WIDTH="30" VPOS="1620" HPOS="1657"> </SP>
                  <String WC="0.76999998092651367"
                          CONTENT="the"
                          HEIGHT="32"
                          WIDTH="64"
                          VPOS="1617"
                          HPOS="1688">the</String>
                  <SP WIDTH="33" VPOS="1627" HPOS="1753"> </SP>
                  <String WC="0.84249997138977051"
                          CONTENT="same"
                          HEIGHT="22"
                          WIDTH="100"
                          VPOS="1628"
                          HPOS="1787">same</String>
               </TextLine>
               <TextLine HEIGHT="63" WIDTH="1591" VPOS="1667" HPOS="296">
                  <String WC="0.7149999737739563"
                          CONTENT="page"
                          HEIGHT="33"
                          WIDTH="97"
                          VPOS="1689"
                          HPOS="296">page</String>
                  <SP WIDTH="25" VPOS="1690" HPOS="394"> </SP>
                  <String WC="0.63999998569488525"
                          CONTENT="or"
                          HEIGHT="23"
                          WIDTH="40"
                          VPOS="1690"
                          HPOS="420">or</String>
                  <SP WIDTH="24" VPOS="1689" HPOS="461"> </SP>
                  <String WC="0.74500000476837158"
                          CONTENT="pages,"
                          HEIGHT="35"
                          WIDTH="127"
                          VPOS="1687"
                          HPOS="486">pages,</String>
                  <SP WIDTH="26" VPOS="1687" HPOS="614"> </SP>
                  <String WC="0.86333334445953369"
                          CONTENT="except"
                          HEIGHT="44"
                          WIDTH="134"
                          VPOS="1679"
                          HPOS="641">except</String>
                  <SP WIDTH="24" VPOS="1677" HPOS="776"> </SP>
                  <String WC="0.37000000476837158"
                          CONTENT="in"
                          HEIGHT="31"
                          WIDTH="40"
                          VPOS="1677"
                          HPOS="801">in</String>
                  <SP WIDTH="24" VPOS="1679" HPOS="842"> </SP>
                  <String WC="0.84666669368743896"
                          CONTENT="two"
                          HEIGHT="33"
                          WIDTH="75"
                          VPOS="1678"
                          HPOS="867">two</String>
                  <SP WIDTH="26" VPOS="1687" HPOS="943"> </SP>
                  <String WC="0.5350000262260437"
                          CONTENT="or"
                          HEIGHT="22"
                          WIDTH="41"
                          VPOS="1687"
                          HPOS="970">or</String>
                  <SP WIDTH="23" VPOS="1679" HPOS="1012"> </SP>
                  <String WC="0.62400001287460327"
                          CONTENT="three"
                          HEIGHT="33"
                          WIDTH="106"
                          VPOS="1676"
                          HPOS="1036">three</String>
                  <SP WIDTH="26" VPOS="1675" HPOS="1143"> </SP>
                  <String WC="0.56300002336502075"
                          CONTENT="instances,"
                          HEIGHT="44"
                          WIDTH="203"
                          VPOS="1674"
                          HPOS="1170">instances,</String>
                  <SP WIDTH="26" VPOS="1674" HPOS="1374"> </SP>
                  <String WC="0.38999998569488525"
                          CONTENT="in"
                          HEIGHT="31"
                          WIDTH="40"
                          VPOS="1674"
                          HPOS="1401">in</String>
                  <SP WIDTH="26" VPOS="1684" HPOS="1442"> </SP>
                  <String WC="0.54400002956390381"
                          CONTENT="which"
                          HEIGHT="35"
                          WIDTH="124"
                          VPOS="1673"
                          HPOS="1469">which</String>
                  <SP WIDTH="26" VPOS="1675" HPOS="1594"> </SP>
                  <String WC="0.69199997186660767"
                          CONTENT="cases"
                          HEIGHT="22"
                          WIDTH="104"
                          VPOS="1684"
                          HPOS="1621">cases</String>
                  <SP WIDTH="25" VPOS="1673" HPOS="1726"> </SP>
                  <String WC="0.68999999761581421"
                          CONTENT="it"
                          HEIGHT="34"
                          WIDTH="31"
                          VPOS="1673"
                          HPOS="1752">it</String>
                  <SP WIDTH="25" VPOS="1677" HPOS="1784"> </SP>
                  <String WC="0.50999999046325684"
                          CONTENT="was"
                          HEIGHT="23"
                          WIDTH="77"
                          VPOS="1684"
                          HPOS="1810">was</String>
               </TextLine>
               <TextLine HEIGHT="37" WIDTH="266" VPOS="1734" HPOS="296">
                  <String WC="0.87333333492279053"
                          CONTENT="unavoidable."
                          HEIGHT="37"
                          WIDTH="266"
                          VPOS="1734"
                          HPOS="296">unavoidable.</String>
               </TextLine>
               <TextLine HEIGHT="63" WIDTH="1542" VPOS="1792" HPOS="345">
                  <String WC="0.67000001668930054"
                          CONTENT="2."
                          HEIGHT="32"
                          WIDTH="32"
                          VPOS="1805"
                          HPOS="345">2.</String>
                  <SP WIDTH="49" VPOS="1804" HPOS="378"> </SP>
                  <String WC="0.75"
                          CONTENT="The"
                          HEIGHT="34"
                          WIDTH="76"
                          VPOS="1803"
                          HPOS="428">The</String>
                  <SP WIDTH="25" VPOS="1803" HPOS="505"> </SP>
                  <String WC="0.58399999141693115"
                          CONTENT="bass,"
                          HEIGHT="44"
                          WIDTH="99"
                          VPOS="1802"
                          HPOS="531">bass,</String>
                  <SP WIDTH="27" VPOS="1805" HPOS="631"> </SP>
                  <String WC="0.59666669368743896"
                          CONTENT="tenor,"
                          HEIGHT="42"
                          WIDTH="119"
                          VPOS="1804"
                          HPOS="659">tenor,</String>
                  <SP WIDTH="27" VPOS="1811" HPOS="779"> </SP>
                  <String WC="0.62000000476837158"
                          CONTENT="alto"
                          HEIGHT="34"
                          WIDTH="78"
                          VPOS="1800"
                          HPOS="807">alto</String>
                  <SP WIDTH="27" VPOS="1811" HPOS="886"> </SP>
                  <String WC="0.84666669368743896"
                          CONTENT="and"
                          HEIGHT="34"
                          WIDTH="75"
                          VPOS="1801"
                          HPOS="914">and</String>
                  <SP WIDTH="25" VPOS="1802" HPOS="990"> </SP>
                  <String WC="0.79500001668930054"
                          CONTENT="treble"
                          HEIGHT="34"
                          WIDTH="120"
                          VPOS="1800"
                          HPOS="1016">treble</String>
                  <SP WIDTH="27" VPOS="1810" HPOS="1137"> </SP>
                  <String WC="0.91333335638046265"
                          CONTENT="are"
                          HEIGHT="24"
                          WIDTH="63"
                          VPOS="1809"
                          HPOS="1165">are</String>
                  <SP WIDTH="28" VPOS="1810" HPOS="1229"> </SP>
                  <String WC="0.69857144355773926"
                          CONTENT="exactly"
                          HEIGHT="44"
                          WIDTH="152"
                          VPOS="1799"
                          HPOS="1258">exactly</String>
                  <SP WIDTH="26" VPOS="1808" HPOS="1411"> </SP>
                  <String WC="0.70999997854232788"
                          CONTENT="as"
                          HEIGHT="24"
                          WIDTH="40"
                          VPOS="1808"
                          HPOS="1438">as</String>
                  <SP WIDTH="28" VPOS="1800" HPOS="1479"> </SP>
                  <String WC="0.7149999737739563"
                          CONTENT="they"
                          HEIGHT="43"
                          WIDTH="92"
                          VPOS="1799"
                          HPOS="1508">they</String>
                  <SP WIDTH="26" VPOS="1810" HPOS="1601"> </SP>
                  <String WC="0.77249997854232788"
                          CONTENT="were"
                          HEIGHT="23"
                          WIDTH="97"
                          VPOS="1808"
                          HPOS="1628">were</String>
                  <SP WIDTH="28" VPOS="1798" HPOS="1726"> </SP>
                  <String WC="0.43500000238418579"
                          CONTENT="in"
                          HEIGHT="33"
                          WIDTH="38"
                          VPOS="1798"
                          HPOS="1755">in</String>
                  <SP WIDTH="29" VPOS="1800" HPOS="1794"> </SP>
                  <String WC="0.40000000596046448"
                          CONTENT="the"
                          HEIGHT="33"
                          WIDTH="63"
                          VPOS="1798"
                          HPOS="1824">the</String>
               </TextLine>
               <TextLine HEIGHT="63" WIDTH="1593" VPOS="1849" HPOS="296">
                  <String WC="0.82999998331069946"
                          CONTENT="old"
                          HEIGHT="34"
                          WIDTH="66"
                          VPOS="1860"
                          HPOS="296">old</String>
                  <SP WIDTH="24" VPOS="1861" HPOS="361"> </SP>
                  <String WC="0.73500001430511475"
                          CONTENT="book"
                          HEIGHT="34"
                          WIDTH="102"
                          VPOS="1860"
                          HPOS="384">book</String>
                  <SP WIDTH="27" VPOS="1860" HPOS="485"> </SP>
                  <String WC="0.61000001430511475"
                          CONTENT="of"
                          HEIGHT="33"
                          WIDTH="43"
                          VPOS="1859"
                          HPOS="511">of</String>
                  <SP WIDTH="28" VPOS="1859" HPOS="553"> </SP>
                  <String WC="0.91399997472763062"
                          CONTENT="1869,"
                          HEIGHT="45"
                          WIDTH="103"
                          VPOS="1858"
                          HPOS="580">1869,</String>
                  <SP WIDTH="27" VPOS="1869" HPOS="682"> </SP>
                  <String WC="0.73000001907348633"
                          CONTENT="except"
                          HEIGHT="44"
                          WIDTH="137"
                          VPOS="1859"
                          HPOS="708">except</String>
                  <SP WIDTH="27" VPOS="1859" HPOS="844"> </SP>
                  <String WC="0.98500001430511475"
                          CONTENT="to"
                          HEIGHT="30"
                          WIDTH="40"
                          VPOS="1860"
                          HPOS="870">to</String>
                  <SP WIDTH="30" VPOS="1868" HPOS="909"> </SP>
                  <String WC="0.49857142567634583"
                          CONTENT="correct"
                          HEIGHT="32"
                          WIDTH="146"
                          VPOS="1859"
                          HPOS="938">correct</String>
                  <SP WIDTH="29" VPOS="1859" HPOS="1083"> </SP>
                  <String WC="0.74000000953674316"
                          CONTENT="errors"
                          HEIGHT="25"
                          WIDTH="122"
                          VPOS="1866"
                          HPOS="1111">errors</String>
                  <SP WIDTH="27" VPOS="1868" HPOS="1232"> </SP>
                  <String WC="0.60600000619888306"
                          CONTENT="where"
                          HEIGHT="34"
                          WIDTH="126"
                          VPOS="1856"
                          HPOS="1258">where</String>
                  <SP WIDTH="29" VPOS="1865" HPOS="1383"> </SP>
                  <String WC="0.4779999852180481"
                          CONTENT="notes"
                          HEIGHT="32"
                          WIDTH="109"
                          VPOS="1857"
                          HPOS="1411">notes</String>
                  <SP WIDTH="28" VPOS="1865" HPOS="1519"> </SP>
                  <String WC="0.77333331108093262"
                          CONTENT="and"
                          HEIGHT="34"
                          WIDTH="76"
                          VPOS="1855"
                          HPOS="1546">and</String>
                  <SP WIDTH="29" VPOS="1856" HPOS="1621"> </SP>
                  <String WC="0.54600000381469727"
                          CONTENT="other"
                          HEIGHT="32"
                          WIDTH="109"
                          VPOS="1855"
                          HPOS="1649">other</String>
                  <SP WIDTH="30" VPOS="1864" HPOS="1757"> </SP>
                  <String WC="0.6600000262260437"
                          CONTENT="char"
                          HEIGHT="32"
                          WIDTH="89"
                          VPOS="1855"
                          HPOS="1786"
                          SUBS_TYPE="HypPart1"
                          SUBS_CONTENT="characters">char</String>
                  <HYP CONTENT="­"/>
               </TextLine>
               <TextLine HEIGHT="60" WIDTH="1159" VPOS="1906" HPOS="298">
                  <String WC="0.6783333420753479"
                          CONTENT="acters"
                          HEIGHT="33"
                          WIDTH="125"
                          VPOS="1918"
                          HPOS="298"
                          SUBS_TYPE="HypPart2"
                          SUBS_CONTENT="characters">acters</String>
                  <SP WIDTH="21" VPOS="1928" HPOS="424"> </SP>
                  <String WC="0.52999997138977051"
                          CONTENT="of"
                          HEIGHT="34"
                          WIDTH="42"
                          VPOS="1916"
                          HPOS="446">of</String>
                  <SP WIDTH="19" VPOS="1916" HPOS="489"> </SP>
                  <String WC="0.75400000810623169"
                          CONTENT="music"
                          HEIGHT="35"
                          WIDTH="118"
                          VPOS="1914"
                          HPOS="509">music</String>
                  <SP WIDTH="21" VPOS="1925" HPOS="628"> </SP>
                  <String WC="0.83749997615814209"
                          CONTENT="were"
                          HEIGHT="25"
                          WIDTH="97"
                          VPOS="1925"
                          HPOS="650">were</String>
                  <SP WIDTH="21" VPOS="1925" HPOS="748"> </SP>
                  <String WC="0.75333333015441895"
                          CONTENT="not"
                          HEIGHT="30"
                          WIDTH="67"
                          VPOS="1917"
                          HPOS="770">not</String>
                  <SP WIDTH="21" VPOS="1916" HPOS="838"> </SP>
                  <String WC="0.3449999988079071"
                          CONTENT="on"
                          HEIGHT="22"
                          WIDTH="47"
                          VPOS="1924"
                          HPOS="860">on</String>
                  <SP WIDTH="22" VPOS="1916" HPOS="908"> </SP>
                  <String WC="0.53666669130325317"
                          CONTENT="the"
                          HEIGHT="33"
                          WIDTH="65"
                          VPOS="1914"
                          HPOS="931">the</String>
                  <SP WIDTH="20" VPOS="1924" HPOS="997"> </SP>
                  <String WC="0.82666665315628052"
                          CONTENT="proper"
                          HEIGHT="33"
                          WIDTH="135"
                          VPOS="1923"
                          HPOS="1018">proper</String>
                  <SP WIDTH="20" VPOS="1912" HPOS="1154"> </SP>
                  <String WC="0.75749999284744263"
                          CONTENT="line"
                          HEIGHT="34"
                          WIDTH="76"
                          VPOS="1912"
                          HPOS="1175">line</String>
                  <SP WIDTH="21" VPOS="1924" HPOS="1252"> </SP>
                  <String WC="0.55500000715255737"
                          CONTENT="or"
                          HEIGHT="22"
                          WIDTH="40"
                          VPOS="1924"
                          HPOS="1274">or</String>
                  <SP WIDTH="21" VPOS="1923" HPOS="1315"> </SP>
                  <String WC="0.84500002861022949"
                          CONTENT="space."
                          HEIGHT="33"
                          WIDTH="120"
                          VPOS="1921"
                          HPOS="1337">space.</String>
               </TextLine>
               <TextLine HEIGHT="63" WIDTH="1542" VPOS="1972" HPOS="347">
                  <String WC="0.6600000262260437"
                          CONTENT="3."
                          HEIGHT="33"
                          WIDTH="30"
                          VPOS="1985"
                          HPOS="347">3.</String>
                  <SP WIDTH="48" VPOS="1985" HPOS="378"> </SP>
                  <String WC="0.40999999642372131"
                          CONTENT="In"
                          HEIGHT="33"
                          WIDTH="47"
                          VPOS="1984"
                          HPOS="427">In</String>
                  <SP WIDTH="24" VPOS="1994" HPOS="475"> </SP>
                  <String WC="0.91333335638046265"
                          CONTENT="all"
                          HEIGHT="33"
                          WIDTH="51"
                          VPOS="1983"
                          HPOS="500">all</String>
                  <SP WIDTH="25" VPOS="1983" HPOS="552"> </SP>
                  <String WC="0.49599999189376831"
                          CONTENT="tunes"
                          HEIGHT="36"
                          WIDTH="110"
                          VPOS="1982"
                          HPOS="578">tunes</String>
                  <SP WIDTH="26" VPOS="1993" HPOS="689"> </SP>
                  <String WC="0.54799997806549072"
                          CONTENT="which"
                          HEIGHT="34"
                          WIDTH="123"
                          VPOS="1982"
                          HPOS="716">which</String>
                  <SP WIDTH="27" VPOS="1981" HPOS="840"> </SP>
                  <String WC="0.74000000953674316"
                          CONTENT="could"
                          HEIGHT="36"
                          WIDTH="108"
                          VPOS="1980"
                          HPOS="868">could</String>
                  <SP WIDTH="26" VPOS="1982" HPOS="977"> </SP>
                  <String WC="0.56333333253860474"
                          CONTENT="not"
                          HEIGHT="32"
                          WIDTH="66"
                          VPOS="1982"
                          HPOS="1004">not</String>
                  <SP WIDTH="26" VPOS="1980" HPOS="1071"> </SP>
                  <String WC="0.62999999523162842"
                          CONTENT="be"
                          HEIGHT="32"
                          WIDTH="46"
                          VPOS="1980"
                          HPOS="1098">be</String>
                  <SP WIDTH="27" VPOS="1979" HPOS="1145"> </SP>
                  <String WC="0.89999997615814209"
                          CONTENT="improved"
                          HEIGHT="46"
                          WIDTH="194"
                          VPOS="1978"
                          HPOS="1173">improved</String>
                  <SP WIDTH="26" VPOS="1979" HPOS="1368"> </SP>
                  <String WC="0.66500002145767212"
                          CONTENT="by"
                          HEIGHT="42"
                          WIDTH="52"
                          VPOS="1979"
                          HPOS="1395">by</String>
                  <SP WIDTH="26" VPOS="1989" HPOS="1448"> </SP>
                  <String WC="0.81499999761581421"
                          CONTENT="adding"
                          HEIGHT="45"
                          WIDTH="142"
                          VPOS="1978"
                          HPOS="1475">adding</String>
                  <SP WIDTH="25" VPOS="1988" HPOS="1618"> </SP>
                  <String WC="0.56800001859664917"
                          CONTENT="alto,"
                          HEIGHT="42"
                          WIDTH="90"
                          VPOS="1979"
                          HPOS="1644">alto,</String>
                  <SP WIDTH="26" VPOS="1977" HPOS="1735"> </SP>
                  <String WC="0.70499998331069946"
                          CONTENT="it"
                          HEIGHT="35"
                          WIDTH="32"
                          VPOS="1977"
                          HPOS="1762">it</String>
                  <SP WIDTH="26" VPOS="1979" HPOS="1795"> </SP>
                  <String WC="0.20333333313465118"
                          CONTENT="has"
                          HEIGHT="32"
                          WIDTH="67"
                          VPOS="1979"
                          HPOS="1822">has</String>
               </TextLine>
               <TextLine HEIGHT="64" WIDTH="1593" VPOS="2029" HPOS="297">
                  <String WC="0.64499998092651367"
                          CONTENT="been"
                          HEIGHT="34"
                          WIDTH="97"
                          VPOS="2042"
                          HPOS="297">been</String>
                  <SP WIDTH="21" VPOS="2042" HPOS="395"> </SP>
                  <String WC="0.58249998092651367"
                          CONTENT="left"
                          HEIGHT="33"
                          WIDTH="74"
                          VPOS="2041"
                          HPOS="417">left</String>
                  <SP WIDTH="22" VPOS="2042" HPOS="492"> </SP>
                  <String WC="0.69749999046325684"
                          CONTENT="out."
                          HEIGHT="33"
                          WIDTH="76"
                          VPOS="2041"
                          HPOS="515">out.</String>
                  <SP WIDTH="46" VPOS="2040" HPOS="592"> </SP>
                  <String WC="0.61066669225692749"
                          CONTENT="Notwithstanding"
                          HEIGHT="51"
                          WIDTH="360"
                          VPOS="2035"
                          HPOS="639">Notwithstanding</String>
                  <SP WIDTH="22" VPOS="2040" HPOS="1000"> </SP>
                  <String WC="0.50400000810623169"
                          CONTENT="this,"
                          HEIGHT="44"
                          WIDTH="88"
                          VPOS="2036"
                          HPOS="1023">this,</String>
                  <SP WIDTH="21" VPOS="2046" HPOS="1112"> </SP>
                  <String WC="0.79000002145767212"
                          CONTENT="alto"
                          HEIGHT="35"
                          WIDTH="79"
                          VPOS="2036"
                          HPOS="1134">alto</String>
                  <SP WIDTH="21" VPOS="2038" HPOS="1214"> </SP>
                  <String WC="0.56333333253860474"
                          CONTENT="has"
                          HEIGHT="31"
                          WIDTH="69"
                          VPOS="2038"
                          HPOS="1236">has</String>
                  <SP WIDTH="21" VPOS="2038" HPOS="1306"> </SP>
                  <String WC="0.41249999403953552"
                          CONTENT="been"
                          HEIGHT="34"
                          WIDTH="95"
                          VPOS="2036"
                          HPOS="1328">been</String>
                  <SP WIDTH="23" VPOS="2045" HPOS="1424"> </SP>
                  <String WC="0.57749998569488525"
                          CONTENT="composed"
                          HEIGHT="44"
                          WIDTH="195"
                          VPOS="2035"
                          HPOS="1448">composed</String>
                  <SP WIDTH="24" VPOS="2037" HPOS="1644"> </SP>
                  <String WC="1."
                          CONTENT="and"
                          HEIGHT="32"
                          WIDTH="73"
                          VPOS="2036"
                          HPOS="1669">and</String>
                  <SP WIDTH="24" VPOS="2035" HPOS="1743"> </SP>
                  <String WC="1."
                          CONTENT="added"
                          HEIGHT="32"
                          WIDTH="122"
                          VPOS="2036"
                          HPOS="1768">added</String>
               </TextLine>
               <TextLine HEIGHT="64" WIDTH="1595" VPOS="2085" HPOS="294">
                  <String WC="0.88499999046325684"
                          CONTENT="to"
                          HEIGHT="32"
                          WIDTH="40"
                          VPOS="2099"
                          HPOS="294">to</String>
                  <SP WIDTH="18" VPOS="2107" HPOS="335"> </SP>
                  <String WC="0.73000001907348633"
                          CONTENT="number"
                          HEIGHT="33"
                          WIDTH="157"
                          VPOS="2097"
                          HPOS="354">number</String>
                  <SP WIDTH="19" VPOS="2107" HPOS="512"> </SP>
                  <String WC="0.67000001668930054"
                          CONTENT="of"
                          HEIGHT="33"
                          WIDTH="41"
                          VPOS="2096"
                          HPOS="532">of</String>
                  <SP WIDTH="18" VPOS="2096" HPOS="574"> </SP>
                  <String WC="0.60000002384185791"
                          CONTENT="tunes"
                          HEIGHT="36"
                          WIDTH="110"
                          VPOS="2095"
                          HPOS="593">tunes</String>
                  <SP WIDTH="19" VPOS="2106" HPOS="704"> </SP>
                  <String WC="0.75333333015441895"
                          CONTENT="and"
                          HEIGHT="33"
                          WIDTH="75"
                          VPOS="2096"
                          HPOS="724">and</String>
                  <SP WIDTH="18" VPOS="2096" HPOS="800"> </SP>
                  <String WC="0.8162500262260437"
                          CONTENT="composed"
                          HEIGHT="44"
                          WIDTH="197"
                          VPOS="2094"
                          HPOS="819">composed</String>
                  <SP WIDTH="19" VPOS="2093" HPOS="1017"> </SP>
                  <String WC="0.625"
                          CONTENT="in"
                          HEIGHT="33"
                          WIDTH="39"
                          VPOS="2092"
                          HPOS="1037">in</String>
                  <SP WIDTH="18" VPOS="2095" HPOS="1077"> </SP>
                  <String WC="0.59333330392837524"
                          CONTENT="the"
                          HEIGHT="32"
                          WIDTH="65"
                          VPOS="2093"
                          HPOS="1096">the</String>
                  <SP WIDTH="20" VPOS="2102" HPOS="1162"> </SP>
                  <String WC="0.82999998331069946"
                          CONTENT="same"
                          HEIGHT="23"
                          WIDTH="100"
                          VPOS="2103"
                          HPOS="1183">same</String>
                  <SP WIDTH="19" VPOS="2094" HPOS="1284"> </SP>
                  <String WC="0.67428570985794067"
                          CONTENT="harmony"
                          HEIGHT="44"
                          WIDTH="184"
                          VPOS="2092"
                          HPOS="1304">harmony</String>
                  <SP WIDTH="17" VPOS="2102" HPOS="1489"> </SP>
                  <String WC="0.60000002384185791"
                          CONTENT="as"
                          HEIGHT="22"
                          WIDTH="42"
                          VPOS="2102"
                          HPOS="1507">as</String>
                  <SP WIDTH="19" VPOS="2094" HPOS="1550"> </SP>
                  <String WC="0.74333333969116211"
                          CONTENT="the"
                          HEIGHT="34"
                          WIDTH="63"
                          VPOS="2090"
                          HPOS="1570">the</String>
                  <SP WIDTH="21" VPOS="2101" HPOS="1634"> </SP>
                  <String WC="0.70999997854232788"
                          CONTENT="other"
                          HEIGHT="34"
                          WIDTH="107"
                          VPOS="2090"
                          HPOS="1656">other</String>
                  <SP WIDTH="17" VPOS="2102" HPOS="1764"> </SP>
                  <String WC="0.70599997043609619"
                          CONTENT="parts"
                          HEIGHT="42"
                          WIDTH="107"
                          VPOS="2092"
                          HPOS="1782">parts</String>
               </TextLine>
               <TextLine HEIGHT="64" WIDTH="1596" VPOS="2141" HPOS="294">
                  <String WC="0.45500001311302185"
                          CONTENT="in"
                          HEIGHT="30"
                          WIDTH="42"
                          VPOS="2155"
                          HPOS="294">in</String>
                  <SP WIDTH="21" VPOS="2164" HPOS="335"> </SP>
                  <String WC="0.52249997854232788"
                          CONTENT="such"
                          HEIGHT="33"
                          WIDTH="92"
                          VPOS="2154"
                          HPOS="355">such</String>
                  <SP WIDTH="20" VPOS="2154" HPOS="446"> </SP>
                  <String WC="1."
                          CONTENT="a"
                          HEIGHT="23"
                          WIDTH="24"
                          VPOS="2162"
                          HPOS="465">a</String>
                  <SP WIDTH="20" VPOS="2162" HPOS="488"> </SP>
                  <String WC="1."
                          CONTENT="way"
                          HEIGHT="33"
                          WIDTH="87"
                          VPOS="2162"
                          HPOS="507">way</String>
                  <SP WIDTH="19" VPOS="2163" HPOS="593"> </SP>
                  <String WC="0.80000001192092896"
                          CONTENT="as"
                          HEIGHT="25"
                          WIDTH="44"
                          VPOS="2161"
                          HPOS="611">as</String>
                  <SP WIDTH="19" VPOS="2155" HPOS="654"> </SP>
                  <String WC="0.56000000238418579"
                          CONTENT="to"
                          HEIGHT="31"
                          WIDTH="41"
                          VPOS="2154"
                          HPOS="672">to</String>
                  <SP WIDTH="20" VPOS="2162" HPOS="712"> </SP>
                  <String WC="0.88142859935760498"
                          CONTENT="greatly"
                          HEIGHT="45"
                          WIDTH="153"
                          VPOS="2150"
                          HPOS="731">greatly</String>
                  <SP WIDTH="18" VPOS="2150" HPOS="883"> </SP>
                  <String WC="0.96428573131561279"
                          CONTENT="improve"
                          HEIGHT="45"
                          WIDTH="171"
                          VPOS="2148"
                          HPOS="900">improve</String>
                  <SP WIDTH="21" VPOS="2151" HPOS="1070"> </SP>
                  <String WC="0.70666664838790894"
                          CONTENT="the"
                          HEIGHT="32"
                          WIDTH="66"
                          VPOS="2149"
                          HPOS="1090">the</String>
                  <SP WIDTH="20" VPOS="2158" HPOS="1155"> </SP>
                  <String WC="0.93833333253860474"
                          CONTENT="melody"
                          HEIGHT="44"
                          WIDTH="152"
                          VPOS="2148"
                          HPOS="1174">melody</String>
                  <SP WIDTH="20" VPOS="2158" HPOS="1325"> </SP>
                  <String WC="0.68999999761581421"
                          CONTENT="of"
                          HEIGHT="33"
                          WIDTH="43"
                          VPOS="2147"
                          HPOS="1344">of</String>
                  <SP WIDTH="19" VPOS="2147" HPOS="1386"> </SP>
                  <String WC="0.55750000476837158"
                          CONTENT="each"
                          HEIGHT="35"
                          WIDTH="94"
                          VPOS="2147"
                          HPOS="1404">each</String>
                  <SP WIDTH="21" VPOS="2148" HPOS="1497"> </SP>
                  <String WC="0.79333335161209106"
                          CONTENT="and"
                          HEIGHT="32"
                          WIDTH="76"
                          VPOS="2148"
                          HPOS="1517">and</String>
                  <SP WIDTH="22" VPOS="2148" HPOS="1592"> </SP>
                  <String WC="0.76999998092651367"
                          CONTENT="all"
                          HEIGHT="33"
                          WIDTH="52"
                          VPOS="2146"
                          HPOS="1613">all</String>
                  <SP WIDTH="20" VPOS="2146" HPOS="1664"> </SP>
                  <String WC="0.54666668176651001"
                          CONTENT="the"
                          HEIGHT="32"
                          WIDTH="66"
                          VPOS="2146"
                          HPOS="1683">the</String>
                  <SP WIDTH="20" VPOS="2148" HPOS="1748"> </SP>
                  <String WC="0.64666664600372314"
                          CONTENT="tunes."
                          HEIGHT="30"
                          WIDTH="123"
                          VPOS="2149"
                          HPOS="1767">tunes.</String>
               </TextLine>
               <TextLine HEIGHT="65" WIDTH="1595" VPOS="2195" HPOS="295">
                  <String WC="0.48500001430511475"
                          CONTENT="These,"
                          HEIGHT="43"
                          WIDTH="132"
                          VPOS="2210"
                          HPOS="295">These,</String>
                  <SP WIDTH="24" VPOS="2220" HPOS="428"> </SP>
                  <String WC="0.80750000476837158"
                          CONTENT="alto"
                          HEIGHT="34"
                          WIDTH="79"
                          VPOS="2208"
                          HPOS="453">alto</String>
                  <SP WIDTH="25" VPOS="2219" HPOS="533"> </SP>
                  <String WC="0.79333335161209106"
                          CONTENT="are"
                          HEIGHT="23"
                          WIDTH="62"
                          VPOS="2218"
                          HPOS="559">are</String>
                  <SP WIDTH="24" VPOS="2218" HPOS="622"> </SP>
                  <String WC="0.75833332538604736"
                          CONTENT="unlike"
                          HEIGHT="37"
                          WIDTH="129"
                          VPOS="2206"
                          HPOS="647">unlike</String>
                  <SP WIDTH="25" VPOS="2209" HPOS="777"> </SP>
                  <String WC="0.67599999904632568"
                          CONTENT="those"
                          HEIGHT="33"
                          WIDTH="107"
                          VPOS="2206"
                          HPOS="803">those</String>
                  <SP WIDTH="25" VPOS="2216" HPOS="911"> </SP>
                  <String WC="0.46399998664855957"
                          CONTENT="other"
                          HEIGHT="34"
                          WIDTH="108"
                          VPOS="2205"
                          HPOS="937">other</String>
                  <SP WIDTH="23" VPOS="2205" HPOS="1046"> </SP>
                  <String WC="0.84166663885116577"
                          CONTENT="books."
                          HEIGHT="34"
                          WIDTH="129"
                          VPOS="2205"
                          HPOS="1070">books.</String>
                  <SP WIDTH="49" VPOS="2205" HPOS="1200"> </SP>
                  <String WC="0.745555579662323"
                          CONTENT="Dispersed"
                          HEIGHT="45"
                          WIDTH="204"
                          VPOS="2202"
                          HPOS="1250">Dispersed</String>
                  <SP WIDTH="25" VPOS="2202" HPOS="1455"> </SP>
                  <String WC="0.70428574085235596"
                          CONTENT="Harmony"
                          HEIGHT="43"
                          WIDTH="195"
                          VPOS="2203"
                          HPOS="1481">Harmony</String>
                  <SP WIDTH="24" VPOS="2202" HPOS="1677"> </SP>
                  <String WC="0.74666666984558105"
                          CONTENT="has"
                          HEIGHT="32"
                          WIDTH="67"
                          VPOS="2202"
                          HPOS="1702">has</String>
                  <SP WIDTH="25" VPOS="2204" HPOS="1770"> </SP>
                  <String WC="0.61250001192092896"
                          CONTENT="been"
                          HEIGHT="33"
                          WIDTH="94"
                          VPOS="2203"
                          HPOS="1796">been</String>
               </TextLine>
               <TextLine HEIGHT="67" WIDTH="1595" VPOS="2251" HPOS="295">
                  <String WC="0.78571426868438721"
                          CONTENT="adhered"
                          HEIGHT="34"
                          WIDTH="167"
                          VPOS="2266"
                          HPOS="295">adhered</String>
                  <SP WIDTH="33" VPOS="2266" HPOS="463"> </SP>
                  <String WC="0.74500000476837158"
                          CONTENT="to"
                          HEIGHT="32"
                          WIDTH="40"
                          VPOS="2266"
                          HPOS="497">to</String>
                  <SP WIDTH="35" VPOS="2275" HPOS="538"> </SP>
                  <String WC="0.52999997138977051"
                          CONTENT="and"
                          HEIGHT="35"
                          WIDTH="77"
                          VPOS="2264"
                          HPOS="574">and</String>
                  <SP WIDTH="33" VPOS="2264" HPOS="652"> </SP>
                  <String WC="0.46333333849906921"
                          CONTENT="the"
                          HEIGHT="33"
                          WIDTH="64"
                          VPOS="2264"
                          HPOS="686">the</String>
                  <SP WIDTH="36" VPOS="2272" HPOS="751"> </SP>
                  <String WC="0.73750001192092896"
                          CONTENT="alto"
                          HEIGHT="32"
                          WIDTH="78"
                          VPOS="2262"
                          HPOS="788">alto</String>
                  <SP WIDTH="36" VPOS="2262" HPOS="867"> </SP>
                  <String WC="0.63499999046325684"
                          CONTENT="is"
                          HEIGHT="34"
                          WIDTH="32"
                          VPOS="2261"
                          HPOS="904">is</String>
                  <SP WIDTH="33" VPOS="2262" HPOS="937"> </SP>
                  <String WC="0.51999998092651367"
                          CONTENT="in"
                          HEIGHT="33"
                          WIDTH="40"
                          VPOS="2261"
                          HPOS="971">in</String>
                  <SP WIDTH="33" VPOS="2271" HPOS="1012"> </SP>
                  <String WC="0.68285715579986572"
                          CONTENT="perfect"
                          HEIGHT="44"
                          WIDTH="150"
                          VPOS="2260"
                          HPOS="1046">perfect</String>
                  <SP WIDTH="36" VPOS="2262" HPOS="1197"> </SP>
                  <String WC="0.66500002145767212"
                          CONTENT="accord"
                          HEIGHT="33"
                          WIDTH="135"
                          VPOS="2260"
                          HPOS="1234">accord</String>
                  <SP WIDTH="35" VPOS="2259" HPOS="1370"> </SP>
                  <String WC="0.79750001430511475"
                          CONTENT="with"
                          HEIGHT="35"
                          WIDTH="93"
                          VPOS="2258"
                          HPOS="1406">with</String>
                  <SP WIDTH="36" VPOS="2259" HPOS="1500"> </SP>
                  <String WC="0.49666666984558105"
                          CONTENT="the"
                          HEIGHT="32"
                          WIDTH="63"
                          VPOS="2258"
                          HPOS="1537">the</String>
                  <SP WIDTH="37" VPOS="2267" HPOS="1601"> </SP>
                  <String WC="0.53799998760223389"
                          CONTENT="other"
                          HEIGHT="32"
                          WIDTH="108"
                          VPOS="2257"
                          HPOS="1639">other</String>
                  <SP WIDTH="35" VPOS="2267" HPOS="1748"> </SP>
                  <String WC="0.6119999885559082"
                          CONTENT="parts"
                          HEIGHT="42"
                          WIDTH="106"
                          VPOS="2259"
                          HPOS="1784">parts</String>
               </TextLine>
               <TextLine HEIGHT="37" WIDTH="284" VPOS="2320" HPOS="300">
                  <String WC="0.79000002145767212"
                          CONTENT="of"
                          HEIGHT="33"
                          WIDTH="41"
                          VPOS="2322"
                          HPOS="300">of</String>
                  <SP WIDTH="22" VPOS="2322" HPOS="342"> </SP>
                  <String WC="0.59666669368743896"
                          CONTENT="the"
                          HEIGHT="33"
                          WIDTH="64"
                          VPOS="2323"
                          HPOS="365">the</String>
                  <SP WIDTH="24" VPOS="2333" HPOS="430"> </SP>
                  <String WC="0.66833335161209106"
                          CONTENT="music."
                          HEIGHT="34"
                          WIDTH="129"
                          VPOS="2321"
                          HPOS="455">music.</String>
               </TextLine>
               <TextLine HEIGHT="66" WIDTH="1545" VPOS="2369" HPOS="347">
                  <String WC="0.77499997615814209"
                          CONTENT="4."
                          HEIGHT="35"
                          WIDTH="33"
                          VPOS="2384"
                          HPOS="347">4.</String>
                  <SP WIDTH="48" VPOS="2385" HPOS="381"> </SP>
                  <String WC="0.52999997138977051"
                          CONTENT="More"
                          HEIGHT="33"
                          WIDTH="107"
                          VPOS="2384"
                          HPOS="430">More</String>
                  <SP WIDTH="25" VPOS="2392" HPOS="538"> </SP>
                  <String WC="0.71166664361953735"
                          CONTENT="words,"
                          HEIGHT="45"
                          WIDTH="134"
                          VPOS="2382"
                          HPOS="564">words,</String>
                  <SP WIDTH="29" VPOS="2393" HPOS="699"> </SP>
                  <String WC="0.34000000357627869"
                          CONTENT="or"
                          HEIGHT="23"
                          WIDTH="40"
                          VPOS="2392"
                          HPOS="729">or</String>
                  <SP WIDTH="27" VPOS="2392" HPOS="770"> </SP>
                  <String WC="0.79000002145767212"
                          CONTENT="verses,"
                          HEIGHT="34"
                          WIDTH="138"
                          VPOS="2390"
                          HPOS="798">verses,</String>
                  <SP WIDTH="28" VPOS="2392" HPOS="937"> </SP>
                  <String WC="0.59500002861022949"
                          CONTENT="of"
                          HEIGHT="34"
                          WIDTH="40"
                          VPOS="2380"
                          HPOS="966">of</String>
                  <SP WIDTH="26" VPOS="2380" HPOS="1007"> </SP>
                  <String WC="0.59666669368743896"
                          CONTENT="the"
                          HEIGHT="32"
                          WIDTH="64"
                          VPOS="2380"
                          HPOS="1034">the</String>
                  <SP WIDTH="29" VPOS="2389" HPOS="1099"> </SP>
                  <String WC="0.7850000262260437"
                          CONTENT="same"
                          HEIGHT="25"
                          WIDTH="100"
                          VPOS="2387"
                          HPOS="1129">same</String>
                  <SP WIDTH="27" VPOS="2379" HPOS="1230"> </SP>
                  <String WC="0.67750000953674316"
                          CONTENT="hymn"
                          HEIGHT="42"
                          WIDTH="115"
                          VPOS="2378"
                          HPOS="1258">hymn</String>
                  <SP WIDTH="26" VPOS="2377" HPOS="1374"> </SP>
                  <String WC="0.81499999761581421"
                          CONTENT="have"
                          HEIGHT="33"
                          WIDTH="97"
                          VPOS="2377"
                          HPOS="1401">have</String>
                  <SP WIDTH="27" VPOS="2378" HPOS="1499"> </SP>
                  <String WC="0.76749998331069946"
                          CONTENT="been"
                          HEIGHT="31"
                          WIDTH="95"
                          VPOS="2377"
                          HPOS="1527">been</String>
                  <SP WIDTH="28" VPOS="2385" HPOS="1623"> </SP>
                  <String WC="0.94199997186660767"
                          CONTENT="added"
                          HEIGHT="33"
                          WIDTH="122"
                          VPOS="2375"
                          HPOS="1652">added</String>
                  <SP WIDTH="25" VPOS="2376" HPOS="1775"> </SP>
                  <String WC="0.91500002145767212"
                          CONTENT="to"
                          HEIGHT="31"
                          WIDTH="39"
                          VPOS="2377"
                          HPOS="1801">to</String>
                  <SP WIDTH="28" VPOS="2385" HPOS="1841"> </SP>
                  <String WC="1."
                          CONTENT="a"
                          HEIGHT="22"
                          WIDTH="22"
                          VPOS="2385"
                          HPOS="1870">a</String>
               </TextLine>
               <TextLine HEIGHT="67" WIDTH="1595" VPOS="2426" HPOS="298">
                  <String WC="0.89600002765655518"
                          CONTENT="large"
                          HEIGHT="44"
                          WIDTH="108"
                          VPOS="2440"
                          HPOS="298">large</String>
                  <SP WIDTH="24" VPOS="2451" HPOS="405"> </SP>
                  <String WC="0.70499998331069946"
                          CONTENT="number"
                          HEIGHT="35"
                          WIDTH="159"
                          VPOS="2439"
                          HPOS="429">number</String>
                  <SP WIDTH="26" VPOS="2448" HPOS="587"> </SP>
                  <String WC="0.82499998807907104"
                          CONTENT="of"
                          HEIGHT="35"
                          WIDTH="42"
                          VPOS="2438"
                          HPOS="613">of</String>
                  <SP WIDTH="25" VPOS="2438" HPOS="654"> </SP>
                  <String WC="0.65666669607162476"
                          CONTENT="the"
                          HEIGHT="33"
                          WIDTH="66"
                          VPOS="2439"
                          HPOS="678">the</String>
                  <SP WIDTH="25" VPOS="2448" HPOS="743"> </SP>
                  <String WC="0.58333331346511841"
                          CONTENT="church"
                          HEIGHT="33"
                          WIDTH="140"
                          VPOS="2437"
                          HPOS="768">church</String>
                  <SP WIDTH="25" VPOS="2436" HPOS="907"> </SP>
                  <String WC="0.73000001907348633"
                          CONTENT="tunes,"
                          HEIGHT="42"
                          WIDTH="124"
                          VPOS="2437"
                          HPOS="931">tunes,</String>
                  <SP WIDTH="25" VPOS="2435" HPOS="1054"> </SP>
                  <String WC="0.44499999284744263"
                          CONTENT="in"
                          HEIGHT="32"
                          WIDTH="41"
                          VPOS="2435"
                          HPOS="1078">in</String>
                  <SP WIDTH="24" VPOS="2445" HPOS="1118"> </SP>
                  <String WC="0.88249999284744263"
                          CONTENT="most"
                          HEIGHT="33"
                          WIDTH="99"
                          VPOS="2435"
                          HPOS="1142">most</String>
                  <SP WIDTH="27" VPOS="2437" HPOS="1240"> </SP>
                  <String WC="0.75999999046325684"
                          CONTENT="cases,"
                          HEIGHT="34"
                          WIDTH="116"
                          VPOS="2442"
                          HPOS="1266">cases,</String>
                  <SP WIDTH="23" VPOS="2443" HPOS="1382"> </SP>
                  <String WC="0.84500002861022949"
                          CONTENT="placed"
                          HEIGHT="44"
                          WIDTH="135"
                          VPOS="2433"
                          HPOS="1405">placed</String>
                  <SP WIDTH="25" VPOS="2435" HPOS="1539"> </SP>
                  <String WC="0.41200000047683716"
                          CONTENT="under"
                          HEIGHT="28"
                          WIDTH="120"
                          VPOS="2437"
                          HPOS="1563">under</String>
                  <SP WIDTH="25" VPOS="2434" HPOS="1682"> </SP>
                  <String WC="0.63999998569488525"
                          CONTENT="the"
                          HEIGHT="33"
                          WIDTH="66"
                          VPOS="2432"
                          HPOS="1706">the</String>
                  <SP WIDTH="25" VPOS="2432" HPOS="1771"> </SP>
                  <String WC="0.69800001382827759"
                          CONTENT="lines"
                          HEIGHT="32"
                          WIDTH="98"
                          VPOS="2432"
                          HPOS="1795">lines</String>
               </TextLine>
               <TextLine HEIGHT="68" WIDTH="1588" VPOS="2481" HPOS="303">
                  <String WC="0.87999999523162842"
                          CONTENT="of"
                          HEIGHT="34"
                          WIDTH="41"
                          VPOS="2497"
                          HPOS="303">of</String>
                  <SP WIDTH="21" VPOS="2497" HPOS="345"> </SP>
                  <String WC="0.52333331108093262"
                          CONTENT="the"
                          HEIGHT="33"
                          WIDTH="64"
                          VPOS="2498"
                          HPOS="367">the</String>
                  <SP WIDTH="23" VPOS="2508" HPOS="432"> </SP>
                  <String WC="0.88400000333786011"
                          CONTENT="music"
                          HEIGHT="36"
                          WIDTH="118"
                          VPOS="2494"
                          HPOS="456">music</String>
                  <SP WIDTH="24" VPOS="2505" HPOS="575"> </SP>
                  <String WC="0.67500001192092896"
                          CONTENT="so"
                          HEIGHT="24"
                          WIDTH="39"
                          VPOS="2505"
                          HPOS="600">so</String>
                  <SP WIDTH="22" VPOS="2496" HPOS="640"> </SP>
                  <String WC="0.66500002145767212"
                          CONTENT="it"
                          HEIGHT="33"
                          WIDTH="32"
                          VPOS="2495"
                          HPOS="663">it</String>
                  <SP WIDTH="24" VPOS="2496" HPOS="696"> </SP>
                  <String WC="0.79000002145767212"
                          CONTENT="can"
                          HEIGHT="23"
                          WIDTH="68"
                          VPOS="2503"
                          HPOS="721">can</String>
                  <SP WIDTH="21" VPOS="2494" HPOS="790"> </SP>
                  <String WC="0.64999997615814209"
                          CONTENT="be"
                          HEIGHT="33"
                          WIDTH="46"
                          VPOS="2493"
                          HPOS="812">be</String>
                  <SP WIDTH="23" VPOS="2503" HPOS="859"> </SP>
                  <String WC="0.83833330869674683"
                          CONTENT="easily"
                          HEIGHT="44"
                          WIDTH="121"
                          VPOS="2492"
                          HPOS="883">easily</String>
                  <SP WIDTH="22" VPOS="2503" HPOS="1005"> </SP>
                  <String WC="0.71249997615814209"
                          CONTENT="sung"
                          HEIGHT="33"
                          WIDTH="95"
                          VPOS="2501"
                          HPOS="1028">sung</String>
                  <SP WIDTH="23" VPOS="2501" HPOS="1124"> </SP>
                  <String WC="0.56999999284744263"
                          CONTENT="or"
                          HEIGHT="24"
                          WIDTH="40"
                          VPOS="2500"
                          HPOS="1148">or</String>
                  <SP WIDTH="22" VPOS="2500" HPOS="1189"> </SP>
                  <String WC="0.95142859220504761"
                          CONTENT="played,"
                          HEIGHT="44"
                          WIDTH="149"
                          VPOS="2490"
                          HPOS="1212">played,</String>
                  <SP WIDTH="25" VPOS="2499" HPOS="1362"> </SP>
                  <String WC="1."
                          CONTENT="and"
                          HEIGHT="33"
                          WIDTH="74"
                          VPOS="2489"
                          HPOS="1388">and</String>
                  <SP WIDTH="22" VPOS="2490" HPOS="1463"> </SP>
                  <String WC="0.6524999737739563"
                          CONTENT="when"
                          HEIGHT="32"
                          WIDTH="108"
                          VPOS="2490"
                          HPOS="1486">when</String>
                  <SP WIDTH="23" VPOS="2493" HPOS="1595"> </SP>
                  <String WC="0.60000002384185791"
                          CONTENT="the"
                          HEIGHT="29"
                          WIDTH="63"
                          VPOS="2491"
                          HPOS="1619">the</String>
                  <SP WIDTH="24" VPOS="2490" HPOS="1683"> </SP>
                  <String WC="0.60750001668930054"
                          CONTENT="tune"
                          HEIGHT="32"
                          WIDTH="90"
                          VPOS="2489"
                          HPOS="1708">tune</String>
                  <SP WIDTH="25" VPOS="2489" HPOS="1799"> </SP>
                  <String WC="0.56666666269302368"
                          CONTENT="has"
                          HEIGHT="31"
                          WIDTH="66"
                          VPOS="2489"
                          HPOS="1825">has</String>
               </TextLine>
               <TextLine HEIGHT="67" WIDTH="1588" VPOS="2538" HPOS="303">
                  <String WC="0.61500000953674316"
                          CONTENT="only"
                          HEIGHT="44"
                          WIDTH="89"
                          VPOS="2553"
                          HPOS="303">only</String>
                  <SP WIDTH="21" VPOS="2564" HPOS="393"> </SP>
                  <String WC="0.70666664838790894"
                          CONTENT="one"
                          HEIGHT="24"
                          WIDTH="68"
                          VPOS="2563"
                          HPOS="415">one</String>
                  <SP WIDTH="24" VPOS="2563" HPOS="484"> </SP>
                  <String WC="0.69166666269302368"
                          CONTENT="verse,"
                          HEIGHT="35"
                          WIDTH="118"
                          VPOS="2560"
                          HPOS="509">verse,</String>
                  <SP WIDTH="24" VPOS="2551" HPOS="628"> </SP>
                  <String WC="0.93999999761581421"
                          CONTENT="it"
                          HEIGHT="35"
                          WIDTH="29"
                          VPOS="2550"
                          HPOS="653">it</String>
                  <SP WIDTH="23" VPOS="2552" HPOS="683"> </SP>
                  <String WC="0.51499998569488525"
                          CONTENT="is"
                          HEIGHT="32"
                          WIDTH="31"
                          VPOS="2551"
                          HPOS="707">is</String>
                  <SP WIDTH="23" VPOS="2560" HPOS="739"> </SP>
                  <String WC="0.74111109972000122"
                          CONTENT="generally"
                          HEIGHT="45"
                          WIDTH="194"
                          VPOS="2548"
                          HPOS="763">generally</String>
                  <SP WIDTH="22" VPOS="2560" HPOS="958"> </SP>
                  <String WC="0.69333332777023315"
                          CONTENT="put"
                          HEIGHT="41"
                          WIDTH="68"
                          VPOS="2550"
                          HPOS="981">put</String>
                  <SP WIDTH="23" VPOS="2547" HPOS="1050"> </SP>
                  <String WC="0.62000000476837158"
                          CONTENT="in"
                          HEIGHT="31"
                          WIDTH="39"
                          VPOS="2547"
                          HPOS="1074">in</String>
                  <SP WIDTH="23" VPOS="2549" HPOS="1114"> </SP>
                  <String WC="0.79666668176651001"
                          CONTENT="the"
                          HEIGHT="34"
                          WIDTH="64"
                          VPOS="2547"
                          HPOS="1138">the</String>
                  <SP WIDTH="21" VPOS="2548" HPOS="1203"> </SP>
                  <String WC="0.84600001573562622"
                          CONTENT="lower"
                          HEIGHT="33"
                          WIDTH="115"
                          VPOS="2547"
                          HPOS="1225">lower</String>
                  <SP WIDTH="22" VPOS="2556" HPOS="1341"> </SP>
                  <String WC="0.64999997615814209"
                          CONTENT="and"
                          HEIGHT="32"
                          WIDTH="74"
                          VPOS="2546"
                          HPOS="1364">and</String>
                  <SP WIDTH="24" VPOS="2546" HPOS="1439"> </SP>
                  <String WC="0.74000000953674316"
                          CONTENT="upper"
                          HEIGHT="33"
                          WIDTH="117"
                          VPOS="2555"
                          HPOS="1464">upper</String>
                  <SP WIDTH="24" VPOS="2555" HPOS="1582"> </SP>
                  <String WC="0.83833330869674683"
                          CONTENT="spaces"
                          HEIGHT="33"
                          WIDTH="129"
                          VPOS="2554"
                          HPOS="1607">spaces</String>
                  <SP WIDTH="24" VPOS="2555" HPOS="1737"> </SP>
                  <String WC="0.48500001430511475"
                          CONTENT="of"
                          HEIGHT="34"
                          WIDTH="41"
                          VPOS="2543"
                          HPOS="1762">of</String>
                  <SP WIDTH="23" VPOS="2544" HPOS="1804"> </SP>
                  <String WC="0.43999999761581421"
                          CONTENT="the"
                          HEIGHT="32"
                          WIDTH="63"
                          VPOS="2545"
                          HPOS="1828">the</String>
               </TextLine>
               <TextLine HEIGHT="66" WIDTH="1592" VPOS="2594" HPOS="302">
                  <String WC="0.64200001955032349"
                          CONTENT="tune,"
                          HEIGHT="42"
                          WIDTH="104"
                          VPOS="2611"
                          HPOS="302">tune,</String>
                  <SP WIDTH="25" VPOS="2610" HPOS="406"> </SP>
                  <String WC="0.56499999761581421"
                          CONTENT="in"
                          HEIGHT="33"
                          WIDTH="40"
                          VPOS="2609"
                          HPOS="432">in</String>
                  <SP WIDTH="23" VPOS="2620" HPOS="473"> </SP>
                  <String WC="0.76249998807907104"
                          CONTENT="many"
                          HEIGHT="34"
                          WIDTH="115"
                          VPOS="2617"
                          HPOS="497">many</String>
                  <SP WIDTH="25" VPOS="2617" HPOS="613"> </SP>
                  <String WC="0.91500002145767212"
                          CONTENT="of"
                          HEIGHT="32"
                          WIDTH="40"
                          VPOS="2608"
                          HPOS="639">of</String>
                  <SP WIDTH="26" VPOS="2607" HPOS="680"> </SP>
                  <String WC="0.80250000953674316"
                          CONTENT="them"
                          HEIGHT="33"
                          WIDTH="101"
                          VPOS="2607"
                          HPOS="707">them</String>
                  <SP WIDTH="26" VPOS="2616" HPOS="809"> </SP>
                  <String WC="0.66600000858306885"
                          CONTENT="under"
                          HEIGHT="34"
                          WIDTH="118"
                          VPOS="2605"
                          HPOS="836">under</String>
                  <SP WIDTH="25" VPOS="2608" HPOS="955"> </SP>
                  <String WC="0.69333332777023315"
                          CONTENT="the"
                          HEIGHT="33"
                          WIDTH="63"
                          VPOS="2605"
                          HPOS="981">the</String>
                  <SP WIDTH="28" VPOS="2605" HPOS="1045"> </SP>
                  <String WC="0.76666665077209473"
                          CONTENT="different"
                          HEIGHT="35"
                          WIDTH="179"
                          VPOS="2603"
                          HPOS="1074">different</String>
                  <SP WIDTH="24" VPOS="2606" HPOS="1254"> </SP>
                  <String WC="0.75499999523162842"
                          CONTENT="parts,"
                          HEIGHT="43"
                          WIDTH="117"
                          VPOS="2603"
                          HPOS="1279">parts,</String>
                  <SP WIDTH="25" VPOS="2612" HPOS="1397"> </SP>
                  <String WC="0.76399999856948853"
                          CONTENT="where"
                          HEIGHT="35"
                          WIDTH="123"
                          VPOS="2601"
                          HPOS="1423">where</String>
                  <SP WIDTH="27" VPOS="2611" HPOS="1547"> </SP>
                  <String WC="0.40000000596046448"
                          CONTENT="it"
                          HEIGHT="27"
                          WIDTH="31"
                          VPOS="2607"
                          HPOS="1575">it</String>
                  <SP WIDTH="25" VPOS="2602" HPOS="1607"> </SP>
                  <String WC="0.35499998927116394"
                          CONTENT="is"
                          HEIGHT="30"
                          WIDTH="32"
                          VPOS="2602"
                          HPOS="1633">is</String>
                  <SP WIDTH="27" VPOS="2611" HPOS="1666"> </SP>
                  <String WC="0.65777778625488281"
                          CONTENT="necessary"
                          HEIGHT="34"
                          WIDTH="200"
                          VPOS="2610"
                          HPOS="1694">necessary</String>
               </TextLine>
               <TextLine HEIGHT="35" WIDTH="178" VPOS="2666" HPOS="303">
                  <String WC="1."
                          CONTENT="to"
                          HEIGHT="31"
                          WIDTH="40"
                          VPOS="2669"
                          HPOS="303">to</String>
                  <SP WIDTH="20" VPOS="2667" HPOS="344"> </SP>
                  <String WC="0.74500000476837158"
                          CONTENT="do"
                          HEIGHT="32"
                          WIDTH="45"
                          VPOS="2668"
                          HPOS="365">do</String>
                  <SP WIDTH="19" VPOS="2677" HPOS="411"> </SP>
                  <String WC="0.92000001668930054"
                          CONTENT="so."
                          HEIGHT="23"
                          WIDTH="50"
                          VPOS="2676"
                          HPOS="431">so.</String>
               </TextLine>
               <TextLine HEIGHT="69" WIDTH="1542" VPOS="2718" HPOS="351">
                  <String WC="0.81999999284744263"
                          CONTENT="5."
                          HEIGHT="32"
                          WIDTH="33"
                          VPOS="2737"
                          HPOS="351">5.</String>
                  <SP WIDTH="49" VPOS="2734" HPOS="384"> </SP>
                  <String WC="1."
                          CONTENT="At"
                          HEIGHT="34"
                          WIDTH="52"
                          VPOS="2733"
                          HPOS="433">At</String>
                  <SP WIDTH="22" VPOS="2735" HPOS="485"> </SP>
                  <String WC="0.6066666841506958"
                          CONTENT="the"
                          HEIGHT="33"
                          WIDTH="64"
                          VPOS="2732"
                          HPOS="507">the</String>
                  <SP WIDTH="23" VPOS="2734" HPOS="571"> </SP>
                  <String WC="0.79000002145767212"
                          CONTENT="top"
                          HEIGHT="44"
                          WIDTH="66"
                          VPOS="2732"
                          HPOS="594">top</String>
                  <SP WIDTH="22" VPOS="2742" HPOS="660"> </SP>
                  <String WC="0.62999999523162842"
                          CONTENT="of"
                          HEIGHT="33"
                          WIDTH="43"
                          VPOS="2732"
                          HPOS="682">of</String>
                  <SP WIDTH="22" VPOS="2732" HPOS="725"> </SP>
                  <String WC="0.76999998092651367"
                          CONTENT="the"
                          HEIGHT="33"
                          WIDTH="65"
                          VPOS="2731"
                          HPOS="747">the</String>
                  <SP WIDTH="20" VPOS="2740" HPOS="812"> </SP>
                  <String WC="0.95749998092651367"
                          CONTENT="page"
                          HEIGHT="34"
                          WIDTH="97"
                          VPOS="2739"
                          HPOS="832">page</String>
                  <SP WIDTH="23" VPOS="2733" HPOS="929"> </SP>
                  <String WC="0.76666665077209473"
                          CONTENT="the"
                          HEIGHT="32"
                          WIDTH="65"
                          VPOS="2730"
                          HPOS="952">the</String>
                  <SP WIDTH="21" VPOS="2730" HPOS="1017"> </SP>
                  <String WC="1."
                          CONTENT="key"
                          HEIGHT="43"
                          WIDTH="76"
                          VPOS="2729"
                          HPOS="1038">key</String>
                  <SP WIDTH="21" VPOS="2727" HPOS="1114"> </SP>
                  <String WC="0.47999998927116394"
                          CONTENT="is"
                          HEIGHT="34"
                          WIDTH="34"
                          VPOS="2727"
                          HPOS="1135">is</String>
                  <SP WIDTH="21" VPOS="2738" HPOS="1169"> </SP>
                  <String WC="0.691428542137146"
                          CONTENT="stated,"
                          HEIGHT="42"
                          WIDTH="139"
                          VPOS="2727"
                          HPOS="1190">stated,</String>
                  <SP WIDTH="22" VPOS="2726" HPOS="1329"> </SP>
                  <String WC="0.46500000357627869"
                          CONTENT="in"
                          HEIGHT="33"
                          WIDTH="40"
                          VPOS="2725"
                          HPOS="1351">in</String>
                  <SP WIDTH="22" VPOS="2736" HPOS="1391"> </SP>
                  <String WC="0.76249998807907104"
                          CONTENT="addition"
                          HEIGHT="36"
                          WIDTH="176"
                          VPOS="2725"
                          HPOS="1413">addition</String>
                  <SP WIDTH="22" VPOS="2729" HPOS="1589"> </SP>
                  <String WC="0.9100000262260437"
                          CONTENT="to"
                          HEIGHT="30"
                          WIDTH="39"
                          VPOS="2728"
                          HPOS="1611">to</String>
                  <SP WIDTH="23" VPOS="2727" HPOS="1650"> </SP>
                  <String WC="0.61333334445953369"
                          CONTENT="the"
                          HEIGHT="32"
                          WIDTH="65"
                          VPOS="2725"
                          HPOS="1673">the</String>
                  <SP WIDTH="24" VPOS="2735" HPOS="1738"> </SP>
                  <String WC="0.67166668176651001"
                          CONTENT="sharps"
                          HEIGHT="43"
                          WIDTH="131"
                          VPOS="2725"
                          HPOS="1762">sharps</String>
               </TextLine>
               <TextLine HEIGHT="36" WIDTH="198" VPOS="2790" HPOS="304">
                  <String WC="0.75999999046325684"
                          CONTENT="and"
                          HEIGHT="34"
                          WIDTH="76"
                          VPOS="2792"
                          HPOS="304">and</String>
                  <SP WIDTH="22" VPOS="2792" HPOS="381"> </SP>
                  <String WC="0.71333330869674683"
                          CONTENT="flats."
                          HEIGHT="33"
                          WIDTH="98"
                          VPOS="2791"
                          HPOS="404">flats.</String>
               </TextLine>
               <TextLine HEIGHT="69" WIDTH="1540" VPOS="2841" HPOS="354">
                                                <String WC="0.75" CONTENT="6." HEIGHT="32"
                                                  WIDTH="30" VPOS="2859" HPOS="354">6.</String>
                                                <SP WIDTH="48" VPOS="2859" HPOS="385"> </SP>
                                                <String WC="0.71555554866790771" CONTENT="Following"
                                                  HEIGHT="48" WIDTH="210" VPOS="2854" HPOS="434"
                                                  >Following</String>
                                                <SP WIDTH="23" VPOS="2859" HPOS="645"> </SP>
                                                <String WC="0.54333335161209106" CONTENT="the"
                                                  HEIGHT="34" WIDTH="64" VPOS="2856" HPOS="669"
                                                  >the</String>
                                                <SP WIDTH="26" VPOS="2865" HPOS="734"> </SP>
                                                <String WC="0.88249999284744263" CONTENT="name"
                                                  HEIGHT="23" WIDTH="109" VPOS="2864" HPOS="761"
                                                  >name</String>
                                                <SP WIDTH="25" VPOS="2864" HPOS="871"> </SP>
                                                <String WC="0.79000002145767212" CONTENT="of"
                                                  HEIGHT="34" WIDTH="40" VPOS="2854" HPOS="897"
                                                  >of</String>
                                                <SP WIDTH="25" VPOS="2854" HPOS="938"> </SP>
                                                <String WC="0.55500000715255737" CONTENT="tlie"
                                                  HEIGHT="33" WIDTH="64" VPOS="2854" HPOS="964"
                                                  >tlie</String>
                                                <SP WIDTH="26" VPOS="2854" HPOS="1029"> </SP>
                                                <String WC="0.64999997615814209" CONTENT="tune,"
                                                  HEIGHT="40" WIDTH="102" VPOS="2854" HPOS="1056"
                                                  >tune,</String>
                                                <SP WIDTH="25" VPOS="2853" HPOS="1159"> </SP>
                                                <String WC="0.50333333015441895" CONTENT="the"
                                                  HEIGHT="35" WIDTH="64" VPOS="2851" HPOS="1185"
                                                  >the</String>
                                                <SP WIDTH="24" VPOS="2852" HPOS="1250"> </SP>
                                                <String WC="0.80142855644226074" CONTENT="letters"
                                                  HEIGHT="35" WIDTH="135" VPOS="2850" HPOS="1275"
                                                  >letters</String>
                                                <SP WIDTH="26" VPOS="2860" HPOS="1411"> </SP>
                                                <String WC="0.65499997138977051" CONTENT="or"
                                                  HEIGHT="24" WIDTH="40" VPOS="2860" HPOS="1438"
                                                  >or</String>
                                                <SP WIDTH="24" VPOS="2855" HPOS="1479"> </SP>
                                                <String WC="0.57666665315628052" CONTENT="Hgures"
                                                  HEIGHT="39" WIDTH="137" VPOS="2855" HPOS="1504"
                                                  >figures</String>
                                                <SP WIDTH="24" VPOS="2860" HPOS="1642"> </SP>
                                                <String WC="0.46599999070167542" CONTENT="which"
                                                  HEIGHT="36" WIDTH="122" VPOS="2847" HPOS="1667"
                                                  >which</String>
                                                <SP WIDTH="25" VPOS="2849" HPOS="1790"> </SP>
                                                <String WC="0.68999999761581421" CONTENT="rep"
                                                  HEIGHT="32" WIDTH="64" VPOS="2859" HPOS="1816"
                                                  SUBS_TYPE="HypPart1" SUBS_CONTENT="represent"
                                                  >rep</String>
                                                <HYP CONTENT="­"/>
                                        </TextLine>
               <TextLine HEIGHT="59" WIDTH="622" VPOS="2904" HPOS="305">
                  <String WC="0.78166669607162476"
                          CONTENT="resent"
                          HEIGHT="32"
                          WIDTH="127"
                          VPOS="2916"
                          HPOS="305"
                          SUBS_TYPE="HypPart2"
                          SUBS_CONTENT="represent">resent</String>
                  <SP WIDTH="24" VPOS="2917" HPOS="433"> </SP>
                  <String WC="0.55666667222976685"
                          CONTENT="the"
                          HEIGHT="32"
                          WIDTH="62"
                          VPOS="2914"
                          HPOS="458">the</String>
                  <SP WIDTH="26" VPOS="2923" HPOS="521"> </SP>
                  <String WC="0.81599998474121094"
                          CONTENT="metre"
                          HEIGHT="34"
                          WIDTH="118"
                          VPOS="2913"
                          HPOS="548">metre</String>
                  <SP WIDTH="25" VPOS="2922" HPOS="667"> </SP>
                  <String WC="0.86333334445953369"
                          CONTENT="are"
                          HEIGHT="23"
                          WIDTH="62"
                          VPOS="2922"
                          HPOS="693">are</String>
                  <SP WIDTH="26" VPOS="2922" HPOS="756"> </SP>
                  <String WC="0.845714271068573"
                          CONTENT="placed."
                          HEIGHT="44"
                          WIDTH="144"
                          VPOS="2910"
                          HPOS="783">placed.</String>
               </TextLine>
            </TextBlock>
            <TextBlock ID="Page1_Block4"
                       HEIGHT="2457"
                       WIDTH="1629"
                       VPOS="503"
                       HPOS="2002"
                       language="en-US">
               <Shape>
                  <Polygon POINTS="3625,510 3627,510 3627,511 3628,511 3628,725 3629,725 3629,734 3628,734 3628,1012 3629,1012 3629,1017 3628,1017 3628,1582 3627,1582 3627,1587 3628,1587 3628,1864 3627,1864 3627,1875 3628,1875 3628,2146 3627,2146 3627,2162 3628,2162 3628,2428 3627,2428 3627,2449 3628,2449 3628,2711 3627,2711 3627,2737 3628,2737 3628,2946 3627,2946 3627,2947 2774,2947 2774,2948 2765,2948 2765,2949 2743,2949 2743,2950 2708,2950 2708,2951 2477,2951 2477,2952 2153,2952 2153,2953 2084,2953 2084,2954 2050,2954 2050,2955 2011,2955 2011,2739 2010,2739 2010,2723 2011,2723 2011,2452 2010,2452 2010,2440 2011,2440 2011,2164 2010,2164 2010,2159 2011,2159 2011,1877 2010,1877 2010,1876 2011,1876 2011,1594 2012,1594 2012,1589 2011,1589 2011,1311 2012,1311 2012,1302 2011,1302 2011,1114 2010,1114 2010,1030 2011,1030 2011,1015 2010,1015 2010,747 2011,747 2011,727 2010,727 2010,520 2011,520 2011,519 2022,519 2022,518 2579,518 2579,517 2791,517 2791,516 3131,516 3131,515 3292,515 3292,514 3334,514 3334,513 3337,513 3337,512 3389,512 3389,511 3625,511 3625,510"/>
               </Shape>
               <TextLine HEIGHT="74" WIDTH="1541" VPOS="513" HPOS="2065">
                  <String WC="0.89499998092651367"
                          CONTENT="7."
                          HEIGHT="33"
                          WIDTH="31"
                          VPOS="529"
                          HPOS="2065">7.</String>
                  <SP WIDTH="48" VPOS="529" HPOS="2097"> </SP>
                  <String WC="0.61400002241134644"
                          CONTENT="Under"
                          HEIGHT="35"
                          WIDTH="128"
                          VPOS="528"
                          HPOS="2146">Under</String>
                  <SP WIDTH="33" VPOS="530" HPOS="2275"> </SP>
                  <String WC="0.48666667938232422"
                          CONTENT="the"
                          HEIGHT="33"
                          WIDTH="64"
                          VPOS="529"
                          HPOS="2309">the</String>
                  <SP WIDTH="31" VPOS="540" HPOS="2374"> </SP>
                  <String WC="0.68500000238418579"
                          CONTENT="name"
                          HEIGHT="28"
                          WIDTH="107"
                          VPOS="537"
                          HPOS="2406">name</String>
                  <SP WIDTH="33" VPOS="539" HPOS="2514"> </SP>
                  <String WC="0.63499999046325684"
                          CONTENT="of"
                          HEIGHT="33"
                          WIDTH="41"
                          VPOS="529"
                          HPOS="2548">of</String>
                  <SP WIDTH="30" VPOS="528" HPOS="2590"> </SP>
                  <String WC="0.53333336114883423"
                          CONTENT="the"
                          HEIGHT="32"
                          WIDTH="64"
                          VPOS="531"
                          HPOS="2621">the</String>
                  <SP WIDTH="31" VPOS="532" HPOS="2686"> </SP>
                  <String WC="0.625"
                          CONTENT="tune"
                          HEIGHT="32"
                          WIDTH="91"
                          VPOS="531"
                          HPOS="2718">tune</String>
                  <SP WIDTH="31" VPOS="530" HPOS="2810"> </SP>
                  <String WC="0.70499998331069946"
                          CONTENT="is"
                          HEIGHT="33"
                          WIDTH="32"
                          VPOS="530"
                          HPOS="2842">is</String>
                  <SP WIDTH="29" VPOS="540" HPOS="2875"> </SP>
                  <String WC="0.70499998331069946"
                          CONTENT="placed"
                          HEIGHT="44"
                          WIDTH="134"
                          VPOS="530"
                          HPOS="2905">placed</String>
                  <SP WIDTH="32" VPOS="530" HPOS="3040"> </SP>
                  <String WC="0.43000000715255737"
                          CONTENT="the"
                          HEIGHT="34"
                          WIDTH="64"
                          VPOS="529"
                          HPOS="3073">the</String>
                  <SP WIDTH="32" VPOS="539" HPOS="3138"> </SP>
                  <String WC="0.59222221374511719"
                          CONTENT="scripture"
                          HEIGHT="46"
                          WIDTH="186"
                          VPOS="526"
                          HPOS="3171">scripture</String>
                  <SP WIDTH="32" VPOS="530" HPOS="3358"> </SP>
                  <String WC="0.73250001668930054"
                          CONTENT="text"
                          HEIGHT="33"
                          WIDTH="83"
                          VPOS="529"
                          HPOS="3390">text</String>
                  <SP WIDTH="32" VPOS="531" HPOS="3474"> </SP>
                  <String WC="0.7774999737739563"
                          CONTENT="upon"
                          HEIGHT="35"
                          WIDTH="99"
                          VPOS="536"
                          HPOS="3507">upon</String>
               </TextLine>
               <TextLine HEIGHT="74" WIDTH="1588" VPOS="569" HPOS="2018">
                  <String WC="0.59200000762939453"
                          CONTENT="which"
                          HEIGHT="32"
                          WIDTH="122"
                          VPOS="585"
                          HPOS="2018">which</String>
                  <SP WIDTH="25" VPOS="586" HPOS="2141"> </SP>
                  <String WC="0.48333331942558289"
                          CONTENT="the"
                          HEIGHT="33"
                          WIDTH="63"
                          VPOS="585"
                          HPOS="2167">the</String>
                  <SP WIDTH="25" VPOS="595" HPOS="2231"> </SP>
                  <String WC="0.82400000095367432"
                          CONTENT="words"
                          HEIGHT="34"
                          WIDTH="122"
                          VPOS="585"
                          HPOS="2257">words</String>
                  <SP WIDTH="27" VPOS="597" HPOS="2380"> </SP>
                  <String WC="0.80000001192092896"
                          CONTENT="of"
                          HEIGHT="32"
                          WIDTH="41"
                          VPOS="586"
                          HPOS="2408">of</String>
                  <SP WIDTH="25" VPOS="585" HPOS="2450"> </SP>
                  <String WC="0.476666659116745"
                          CONTENT="the"
                          HEIGHT="33"
                          WIDTH="63"
                          VPOS="586"
                          HPOS="2476">the</String>
                  <SP WIDTH="26" VPOS="590" HPOS="2540"> </SP>
                  <String WC="0.79500001668930054"
                          CONTENT="tune"
                          HEIGHT="31"
                          WIDTH="89"
                          VPOS="589"
                          HPOS="2567">tune</String>
                  <SP WIDTH="28" VPOS="597" HPOS="2657"> </SP>
                  <String WC="0.72333335876464844"
                          CONTENT="are"
                          HEIGHT="22"
                          WIDTH="62"
                          VPOS="597"
                          HPOS="2686">are</String>
                  <SP WIDTH="26" VPOS="586" HPOS="2749"> </SP>
                  <String WC="0.71249997615814209"
                          CONTENT="founded,"
                          HEIGHT="43"
                          WIDTH="180"
                          VPOS="585"
                          HPOS="2776">founded,</String>
                  <SP WIDTH="26" VPOS="597" HPOS="2957"> </SP>
                  <String WC="0.76666665077209473"
                          CONTENT="giving"
                          HEIGHT="45"
                          WIDTH="134"
                          VPOS="585"
                          HPOS="2984">giving</String>
                  <SP WIDTH="27" VPOS="595" HPOS="3119"> </SP>
                  <String WC="0.69749999046325684"
                          CONTENT="citation"
                          HEIGHT="36"
                          WIDTH="161"
                          VPOS="584"
                          HPOS="3147">citation</String>
                  <SP WIDTH="28" VPOS="595" HPOS="3309"> </SP>
                  <String WC="0.58499997854232788"
                          CONTENT="of"
                          HEIGHT="33"
                          WIDTH="41"
                          VPOS="585"
                          HPOS="3338">of</String>
                  <SP WIDTH="25" VPOS="585" HPOS="3380"> </SP>
                  <String WC="0.50333333015441895"
                          CONTENT="the"
                          HEIGHT="33"
                          WIDTH="63"
                          VPOS="585"
                          HPOS="3406">the</String>
                  <SP WIDTH="26" VPOS="586" HPOS="3469"> </SP>
                  <String WC="0.60799998044967651"
                          CONTENT="book,"
                          HEIGHT="42"
                          WIDTH="110"
                          VPOS="585"
                          HPOS="3496">book,</String>
               </TextLine>
               <TextLine HEIGHT="52" WIDTH="683" VPOS="636" HPOS="2019">
                  <String WC="0.72714287042617798"
                          CONTENT="chapter"
                          HEIGHT="43"
                          WIDTH="156"
                          VPOS="641"
                          HPOS="2019">chapter</String>
                  <SP WIDTH="22" VPOS="651" HPOS="2176"> </SP>
                  <String WC="1."
                          CONTENT="and"
                          HEIGHT="33"
                          WIDTH="74"
                          VPOS="641"
                          HPOS="2199">and</String>
                  <SP WIDTH="23" VPOS="642" HPOS="2274"> </SP>
                  <String WC="0.89200001955032349"
                          CONTENT="verse"
                          HEIGHT="24"
                          WIDTH="107"
                          VPOS="651"
                          HPOS="2298">verse</String>
                  <SP WIDTH="23" VPOS="643" HPOS="2406"> </SP>
                  <String WC="0.40999999642372131"
                          CONTENT="in"
                          HEIGHT="34"
                          WIDTH="40"
                          VPOS="642"
                          HPOS="2430">in</String>
                  <SP WIDTH="21" VPOS="644" HPOS="2471"> </SP>
                  <String WC="0.59666669368743896"
                          CONTENT="the"
                          HEIGHT="33"
                          WIDTH="64"
                          VPOS="642"
                          HPOS="2493">the</String>
                  <SP WIDTH="21" VPOS="643" HPOS="2558"> </SP>
                  <String WC="0.61166667938232422"
                          CONTENT="Bible."
                          HEIGHT="35"
                          WIDTH="122"
                          VPOS="642"
                          HPOS="2580">Bible.</String>
               </TextLine>
               <TextLine HEIGHT="74" WIDTH="1542" VPOS="705" HPOS="2066">
                  <String WC="0.92500001192092896"
                          CONTENT="8."
                          HEIGHT="32"
                          WIDTH="31"
                          VPOS="721"
                          HPOS="2066">8.</String>
                  <SP WIDTH="51" VPOS="720" HPOS="2096"> </SP>
                  <String WC="0.45500001311302185"
                          CONTENT="In"
                          HEIGHT="33"
                          WIDTH="47"
                          VPOS="720"
                          HPOS="2146">In</String>
                  <SP WIDTH="23" VPOS="720" HPOS="2192"> </SP>
                  <String WC="0.74400001764297485"
                          CONTENT="Fugue"
                          HEIGHT="43"
                          WIDTH="131"
                          VPOS="721"
                          HPOS="2214">Fugue</String>
                  <SP WIDTH="23" VPOS="732" HPOS="2345"> </SP>
                  <String WC="0.79333335161209106"
                          CONTENT="pieces"
                          HEIGHT="45"
                          WIDTH="127"
                          VPOS="718"
                          HPOS="2367">pieces</String>
                  <SP WIDTH="24" VPOS="731" HPOS="2494"> </SP>
                  <String WC="0.72000002861022949"
                          CONTENT="of"
                          HEIGHT="33"
                          WIDTH="44"
                          VPOS="721"
                          HPOS="2517">of</String>
                  <SP WIDTH="23" VPOS="720" HPOS="2560"> </SP>
                  <String WC="0.70999997854232788"
                          CONTENT="music,"
                          HEIGHT="42"
                          WIDTH="131"
                          VPOS="722"
                          HPOS="2582">music,</String>
                  <SP WIDTH="23" VPOS="724" HPOS="2713"> </SP>
                  <String WC="0.75333333015441895"
                          CONTENT="the"
                          HEIGHT="35"
                          WIDTH="67"
                          VPOS="721"
                          HPOS="2735">the</String>
                  <SP WIDTH="24" VPOS="722" HPOS="2801"> </SP>
                  <String WC="0.75800001621246338"
                          CONTENT="lines"
                          HEIGHT="34"
                          WIDTH="98"
                          VPOS="721"
                          HPOS="2824">lines</String>
                  <SP WIDTH="25" VPOS="733" HPOS="2922"> </SP>
                  <String WC="0.44499999284744263"
                          CONTENT="of"
                          HEIGHT="33"
                          WIDTH="42"
                          VPOS="722"
                          HPOS="2946">of</String>
                  <SP WIDTH="23" VPOS="722" HPOS="2987"> </SP>
                  <String WC="0.81833332777023315"
                          CONTENT="poetry"
                          HEIGHT="42"
                          WIDTH="137"
                          VPOS="722"
                          HPOS="3010">poetry</String>
                  <SP WIDTH="25" VPOS="721" HPOS="3146"> </SP>
                  <String WC="0.82749998569488525"
                          CONTENT="have"
                          HEIGHT="33"
                          WIDTH="99"
                          VPOS="721"
                          HPOS="3170">have</String>
                  <SP WIDTH="25" VPOS="721" HPOS="3268"> </SP>
                  <String WC="0.54250001907348633"
                          CONTENT="been"
                          HEIGHT="36"
                          WIDTH="98"
                          VPOS="718"
                          HPOS="3292">been</String>
                  <SP WIDTH="24" VPOS="730" HPOS="3390"> </SP>
                  <String WC="0.81111109256744385"
                          CONTENT="generally"
                          HEIGHT="45"
                          WIDTH="195"
                          VPOS="719"
                          HPOS="3413">generally</String>
               </TextLine>
               <TextLine HEIGHT="70" WIDTH="1589" VPOS="761" HPOS="2019">
                  <String WC="0.90833336114883423"
                          CONTENT="placed"
                          HEIGHT="44"
                          WIDTH="132"
                          VPOS="775"
                          HPOS="2019">placed</String>
                  <SP WIDTH="22" VPOS="777" HPOS="2152"> </SP>
                  <String WC="0.73000001907348633"
                          CONTENT="under"
                          HEIGHT="34"
                          WIDTH="119"
                          VPOS="775"
                          HPOS="2175">under</String>
                  <SP WIDTH="24" VPOS="786" HPOS="2295"> </SP>
                  <String WC="0.75499999523162842"
                          CONTENT="each"
                          HEIGHT="33"
                          WIDTH="90"
                          VPOS="777"
                          HPOS="2320">each</String>
                  <SP WIDTH="24" VPOS="777" HPOS="2411"> </SP>
                  <String WC="0.77999997138977051"
                          CONTENT="of"
                          HEIGHT="34"
                          WIDTH="41"
                          VPOS="776"
                          HPOS="2436">of</String>
                  <SP WIDTH="22" VPOS="776" HPOS="2478"> </SP>
                  <String WC="0.50666666030883789"
                          CONTENT="the"
                          HEIGHT="34"
                          WIDTH="64"
                          VPOS="776"
                          HPOS="2501">the</String>
                  <SP WIDTH="23" VPOS="786" HPOS="2566"> </SP>
                  <String WC="0.67400002479553223"
                          CONTENT="parts"
                          HEIGHT="41"
                          WIDTH="106"
                          VPOS="779"
                          HPOS="2590">parts</String>
                  <SP WIDTH="24" VPOS="788" HPOS="2697"> </SP>
                  <String WC="0.68000000715255737"
                          CONTENT="of"
                          HEIGHT="34"
                          WIDTH="41"
                          VPOS="776"
                          HPOS="2722">of</String>
                  <SP WIDTH="22" VPOS="776" HPOS="2764"> </SP>
                  <String WC="0.59333330392837524"
                          CONTENT="the"
                          HEIGHT="31"
                          WIDTH="63"
                          VPOS="778"
                          HPOS="2787">the</String>
                  <SP WIDTH="23" VPOS="787" HPOS="2851"> </SP>
                  <String WC="0.74500000476837158"
                          CONTENT="music,"
                          HEIGHT="43"
                          WIDTH="129"
                          VPOS="776"
                          HPOS="2875">music,</String>
                  <SP WIDTH="24" VPOS="788" HPOS="3005"> </SP>
                  <String WC="0.79000002145767212"
                          CONTENT="so"
                          HEIGHT="23"
                          WIDTH="39"
                          VPOS="786"
                          HPOS="3030">so</String>
                  <SP WIDTH="23" VPOS="786" HPOS="3070"> </SP>
                  <String WC="0.93999999761581421"
                          CONTENT="as"
                          HEIGHT="23"
                          WIDTH="40"
                          VPOS="786"
                          HPOS="3094">as</String>
                  <SP WIDTH="23" VPOS="778" HPOS="3135"> </SP>
                  <String WC="0.68500000238418579"
                          CONTENT="to"
                          HEIGHT="32"
                          WIDTH="39"
                          VPOS="778"
                          HPOS="3159">to</String>
                  <SP WIDTH="23" VPOS="787" HPOS="3199"> </SP>
                  <String WC="0.82428568601608276"
                          CONTENT="prevent"
                          HEIGHT="42"
                          WIDTH="161"
                          VPOS="777"
                          HPOS="3223">prevent</String>
                  <SP WIDTH="23" VPOS="777" HPOS="3385"> </SP>
                  <String WC="0.70666664838790894"
                          CONTENT="confusion"
                          HEIGHT="35"
                          WIDTH="199"
                          VPOS="775"
                          HPOS="3409">confusion</String>
               </TextLine>
               <TextLine HEIGHT="63" WIDTH="1493" VPOS="817" HPOS="2021">
                  <String WC="0.38999998569488525"
                          CONTENT="in"
                          HEIGHT="32"
                          WIDTH="38"
                          VPOS="831"
                          HPOS="2021">in</String>
                  <SP WIDTH="26" VPOS="843" HPOS="2060"> </SP>
                  <String WC="0.77777779102325439"
                          CONTENT="rendering"
                          HEIGHT="45"
                          WIDTH="203"
                          VPOS="830"
                          HPOS="2087">rendering</String>
                  <SP WIDTH="24" VPOS="834" HPOS="2291"> </SP>
                  <String WC="0.67799997329711914"
                          CONTENT="them."
                          HEIGHT="34"
                          WIDTH="113"
                          VPOS="832"
                          HPOS="2316">them.</String>
                  <SP WIDTH="50" VPOS="834" HPOS="2430"> </SP>
                  <String WC="0.66714286804199219"
                          CONTENT="Prismas"
                          HEIGHT="37"
                          WIDTH="166"
                          VPOS="831"
                          HPOS="2481">Prismas</String>
                  <SP WIDTH="26" VPOS="835" HPOS="2648"> </SP>
                  <String WC="0.82749998569488525"
                          CONTENT="have"
                          HEIGHT="32"
                          WIDTH="97"
                          VPOS="834"
                          HPOS="2675">have</String>
                  <SP WIDTH="25" VPOS="834" HPOS="2773"> </SP>
                  <String WC="0.69499999284744263"
                          CONTENT="been"
                          HEIGHT="34"
                          WIDTH="95"
                          VPOS="833"
                          HPOS="2799">been</String>
                  <SP WIDTH="27" VPOS="845" HPOS="2895"> </SP>
                  <String WC="0.88749998807907104"
                          CONTENT="used"
                          HEIGHT="31"
                          WIDTH="91"
                          VPOS="835"
                          HPOS="2923">used</String>
                  <SP WIDTH="28" VPOS="833" HPOS="3015"> </SP>
                  <String WC="0.65499997138977051"
                          CONTENT="in"
                          HEIGHT="33"
                          WIDTH="39"
                          VPOS="832"
                          HPOS="3044">in</String>
                  <SP WIDTH="24" VPOS="833" HPOS="3084"> </SP>
                  <String WC="0.38999998569488525"
                          CONTENT="but"
                          HEIGHT="34"
                          WIDTH="69"
                          VPOS="832"
                          HPOS="3109">but</String>
                  <SP WIDTH="27" VPOS="834" HPOS="3179"> </SP>
                  <String WC="0.90333330631256104"
                          CONTENT="few"
                          HEIGHT="32"
                          WIDTH="77"
                          VPOS="833"
                          HPOS="3207">few</String>
                  <SP WIDTH="26" VPOS="833" HPOS="3285"> </SP>
                  <String WC="0.75099998712539673"
                          CONTENT="instances."
                          HEIGHT="38"
                          WIDTH="202"
                          VPOS="830"
                          HPOS="3312">instances.</String>
               </TextLine>
               <TextLine HEIGHT="72" WIDTH="1544" VPOS="885" HPOS="2067">
                  <String WC="0.63499999046325684"
                          CONTENT="9."
                          HEIGHT="31"
                          WIDTH="32"
                          VPOS="902"
                          HPOS="2067">9.</String>
                  <SP WIDTH="49" VPOS="899" HPOS="2100"> </SP>
                  <String WC="0.610909104347229"
                          CONTENT="Corrections"
                          HEIGHT="38"
                          WIDTH="237"
                          VPOS="897"
                          HPOS="2150">Corrections</String>
                  <SP WIDTH="25" VPOS="911" HPOS="2388"> </SP>
                  <String WC="0.69999998807907104"
                          CONTENT="of"
                          HEIGHT="34"
                          WIDTH="40"
                          VPOS="900"
                          HPOS="2414">of</String>
                  <SP WIDTH="24" VPOS="899" HPOS="2455"> </SP>
                  <String WC="0.77333331108093262"
                          CONTENT="words,"
                          HEIGHT="45"
                          WIDTH="133"
                          VPOS="900"
                          HPOS="2480">words,</String>
                  <SP WIDTH="25" VPOS="901" HPOS="2614"> </SP>
                  <String WC="0.76999998092651367"
                          CONTENT="in"
                          HEIGHT="31"
                          WIDTH="39"
                          VPOS="901"
                          HPOS="2640">in</String>
                  <SP WIDTH="25" VPOS="912" HPOS="2680"> </SP>
                  <String WC="0.81444442272186279"
                          CONTENT="spelling,"
                          HEIGHT="44"
                          WIDTH="172"
                          VPOS="900"
                          HPOS="2706">spelling,</String>
                  <SP WIDTH="25" VPOS="900" HPOS="2879"> </SP>
                  <String WC="0.84249997138977051"
                          CONTENT="division"
                          HEIGHT="35"
                          WIDTH="166"
                          VPOS="899"
                          HPOS="2905">division</String>
                  <SP WIDTH="24" VPOS="910" HPOS="3072"> </SP>
                  <String WC="0.73500001430511475"
                          CONTENT="of"
                          HEIGHT="34"
                          WIDTH="41"
                          VPOS="899"
                          HPOS="3097">of</String>
                  <SP WIDTH="24" VPOS="899" HPOS="3139"> </SP>
                  <String WC="0.75999999046325684"
                          CONTENT="words"
                          HEIGHT="34"
                          WIDTH="121"
                          VPOS="900"
                          HPOS="3164">words</String>
                  <SP WIDTH="25" VPOS="902" HPOS="3286"> </SP>
                  <String WC="0.63999998569488525"
                          CONTENT="into"
                          HEIGHT="34"
                          WIDTH="81"
                          VPOS="900"
                          HPOS="3312">into</String>
                  <SP WIDTH="24" VPOS="909" HPOS="3394"> </SP>
                  <String WC="0.76599997282028198"
                          CONTENT="syllables,"
                          HEIGHT="43"
                          WIDTH="192"
                          VPOS="899"
                          HPOS="3419">syllables,</String>
               </TextLine>
               <TextLine HEIGHT="70" WIDTH="1590" VPOS="943" HPOS="2021">
                  <String WC="0.73111110925674438"
                          CONTENT="arranging"
                          HEIGHT="45"
                          WIDTH="206"
                          VPOS="955"
                          HPOS="2021">arranging</String>
                  <SP WIDTH="26" VPOS="966" HPOS="2228"> </SP>
                  <String WC="0.75"
                          CONTENT="and"
                          HEIGHT="34"
                          WIDTH="74"
                          VPOS="957"
                          HPOS="2255">and</String>
                  <SP WIDTH="26" VPOS="959" HPOS="2330"> </SP>
                  <String WC="0.69199997186660767"
                          CONTENT="correcting"
                          HEIGHT="47"
                          WIDTH="213"
                          VPOS="956"
                          HPOS="2357">correcting</String>
                  <SP WIDTH="25" VPOS="959" HPOS="2571"> </SP>
                  <String WC="0.7149999737739563"
                          CONTENT="them"
                          HEIGHT="33"
                          WIDTH="102"
                          VPOS="957"
                          HPOS="2597">them</String>
                  <SP WIDTH="26" VPOS="958" HPOS="2700"> </SP>
                  <String WC="0.43999999761581421"
                          CONTENT="in"
                          HEIGHT="32"
                          WIDTH="39"
                          VPOS="957"
                          HPOS="2727">in</String>
                  <SP WIDTH="26" VPOS="966" HPOS="2767"> </SP>
                  <String WC="0.81749999523162842"
                          CONTENT="many"
                          HEIGHT="33"
                          WIDTH="115"
                          VPOS="967"
                          HPOS="2794">many</String>
                  <SP WIDTH="26" VPOS="967" HPOS="2910"> </SP>
                  <String WC="0.80800002813339233"
                          CONTENT="cases"
                          HEIGHT="22"
                          WIDTH="103"
                          VPOS="967"
                          HPOS="2937">cases</String>
                  <SP WIDTH="27" VPOS="967" HPOS="3041"> </SP>
                  <String WC="0.82999998331069946"
                          CONTENT="so"
                          HEIGHT="22"
                          WIDTH="39"
                          VPOS="967"
                          HPOS="3069">so</String>
                  <SP WIDTH="28" VPOS="966" HPOS="3109"> </SP>
                  <String WC="0.90499997138977051"
                          CONTENT="as"
                          HEIGHT="25"
                          WIDTH="41"
                          VPOS="965"
                          HPOS="3138">as</String>
                  <SP WIDTH="26" VPOS="961" HPOS="3180"> </SP>
                  <String WC="0.75999999046325684"
                          CONTENT="to"
                          HEIGHT="28"
                          WIDTH="39"
                          VPOS="961"
                          HPOS="3207">to</String>
                  <SP WIDTH="27" VPOS="967" HPOS="3247"> </SP>
                  <String WC="0.6966666579246521"
                          CONTENT="get"
                          HEIGHT="36"
                          WIDTH="65"
                          VPOS="963"
                          HPOS="3275">get</String>
                  <SP WIDTH="25" VPOS="963" HPOS="3341"> </SP>
                  <String WC="0.71833330392837524"
                          CONTENT="proper"
                          HEIGHT="34"
                          WIDTH="135"
                          VPOS="965"
                          HPOS="3367">proper</String>
                  <SP WIDTH="25" VPOS="967" HPOS="3503"> </SP>
                  <String WC="0.60000002384185791"
                          CONTENT="pro"
                          HEIGHT="32"
                          WIDTH="67"
                          VPOS="966"
                          HPOS="3529"
                          SUBS_TYPE="HypPart1"
                          SUBS_CONTENT="pronunciation">pro</String>
                  <HYP CONTENT="­"/>
               </TextLine>
               <TextLine HEIGHT="68" WIDTH="1594" VPOS="999" HPOS="2021">
                  <String WC="0.63400000333786011"
                          CONTENT="nunciation"
                          HEIGHT="36"
                          WIDTH="224"
                          VPOS="1011"
                          HPOS="2021"
                          SUBS_TYPE="HypPart2"
                          SUBS_CONTENT="pronunciation">nunciation</String>
                  <SP WIDTH="26" VPOS="1022" HPOS="2245"> </SP>
                  <String WC="0.83333331346511841"
                          CONTENT="and"
                          HEIGHT="33"
                          WIDTH="76"
                          VPOS="1013"
                          HPOS="2271">and</String>
                  <SP WIDTH="25" VPOS="1015" HPOS="2347"> </SP>
                  <String WC="0.67285716533660889"
                          CONTENT="accent."
                          HEIGHT="33"
                          WIDTH="144"
                          VPOS="1015"
                          HPOS="2372">accent.</String>
                  <SP WIDTH="48" VPOS="1013" HPOS="2516"> </SP>
                  <String WC="0.4050000011920929"
                          CONTENT="In"
                          HEIGHT="34"
                          WIDTH="47"
                          VPOS="1012"
                          HPOS="2564">In</String>
                  <SP WIDTH="23" VPOS="1024" HPOS="2611"> </SP>
                  <String WC="0.88249999284744263"
                          CONTENT="many"
                          HEIGHT="32"
                          WIDTH="116"
                          VPOS="1024"
                          HPOS="2634">many</String>
                  <SP WIDTH="25" VPOS="1023" HPOS="2750"> </SP>
                  <String WC="0.78600001335144043"
                          CONTENT="other"
                          HEIGHT="33"
                          WIDTH="108"
                          VPOS="1013"
                          HPOS="2775">other</String>
                  <SP WIDTH="23" VPOS="1012" HPOS="2883"> </SP>
                  <String WC="0.7070000171661377"
                          CONTENT="instances,"
                          HEIGHT="45"
                          WIDTH="206"
                          VPOS="1011"
                          HPOS="2906">instances,</String>
                  <SP WIDTH="24" VPOS="1023" HPOS="3112"> </SP>
                  <String WC="0.6428571343421936"
                          CONTENT="placing"
                          HEIGHT="46"
                          WIDTH="155"
                          VPOS="1011"
                          HPOS="3136">placing</String>
                  <SP WIDTH="22" VPOS="1016" HPOS="3291"> </SP>
                  <String WC="0.52999997138977051"
                          CONTENT="the"
                          HEIGHT="35"
                          WIDTH="67"
                          VPOS="1011"
                          HPOS="3313">the</String>
                  <SP WIDTH="23" VPOS="1021" HPOS="3380"> </SP>
                  <String WC="0.70999997854232788"
                          CONTENT="notes"
                          HEIGHT="31"
                          WIDTH="109"
                          VPOS="1014"
                          HPOS="3403">notes</String>
                  <SP WIDTH="24" VPOS="1022" HPOS="3512"> </SP>
                  <String WC="0.82999998331069946"
                          CONTENT="and"
                          HEIGHT="31"
                          WIDTH="79"
                          VPOS="1013"
                          HPOS="3536">and</String>
               </TextLine>
               <TextLine HEIGHT="70" WIDTH="1591" VPOS="1055" HPOS="2023">
                  <String WC="0.62400001287460327"
                          CONTENT="other"
                          HEIGHT="34"
                          WIDTH="107"
                          VPOS="1068"
                          HPOS="2023">other</String>
                  <SP WIDTH="25" VPOS="1079" HPOS="2131"> </SP>
                  <String WC="0.56400001049041748"
                          CONTENT="characters"
                          HEIGHT="35"
                          WIDTH="216"
                          VPOS="1068"
                          HPOS="2157">characters</String>
                  <SP WIDTH="25" VPOS="1080" HPOS="2374"> </SP>
                  <String WC="0.48500001430511475"
                          CONTENT="on"
                          HEIGHT="22"
                          WIDTH="46"
                          VPOS="1080"
                          HPOS="2400">on</String>
                  <SP WIDTH="27" VPOS="1072" HPOS="2447"> </SP>
                  <String WC="0.62333333492279053"
                          CONTENT="the"
                          HEIGHT="34"
                          WIDTH="63"
                          VPOS="1068"
                          HPOS="2475">the</String>
                  <SP WIDTH="27" VPOS="1079" HPOS="2539"> </SP>
                  <String WC="0.65799999237060547"
                          CONTENT="right"
                          HEIGHT="45"
                          WIDTH="104"
                          VPOS="1068"
                          HPOS="2567">right</String>
                  <SP WIDTH="25" VPOS="1070" HPOS="2672"> </SP>
                  <String WC="0.6600000262260437"
                          CONTENT="line"
                          HEIGHT="35"
                          WIDTH="76"
                          VPOS="1068"
                          HPOS="2698">line</String>
                  <SP WIDTH="28" VPOS="1079" HPOS="2775"> </SP>
                  <String WC="0.73000001907348633"
                          CONTENT="or"
                          HEIGHT="23"
                          WIDTH="40"
                          VPOS="1079"
                          HPOS="2804">or</String>
                  <SP WIDTH="26" VPOS="1079" HPOS="2845"> </SP>
                  <String WC="0.76999998092651367"
                          CONTENT="space,"
                          HEIGHT="35"
                          WIDTH="122"
                          VPOS="1078"
                          HPOS="2872">space,</String>
                  <SP WIDTH="27" VPOS="1079" HPOS="2995"> </SP>
                  <String WC="0.58899998664855957"
                          CONTENT="correcting"
                          HEIGHT="46"
                          WIDTH="213"
                          VPOS="1068"
                          HPOS="3023">correcting</String>
                  <SP WIDTH="26" VPOS="1079" HPOS="3237"> </SP>
                  <String WC="0.72666668891906738"
                          CONTENT="all"
                          HEIGHT="32"
                          WIDTH="51"
                          VPOS="1069"
                          HPOS="3264">all</String>
                  <SP WIDTH="26" VPOS="1067" HPOS="3316"> </SP>
                  <String WC="0.68666666746139526"
                          CONTENT="the"
                          HEIGHT="33"
                          WIDTH="64"
                          VPOS="1067"
                          HPOS="3343">the</String>
                  <SP WIDTH="28" VPOS="1078" HPOS="3408"> </SP>
                  <String WC="0.99800002574920654"
                          CONTENT="parts"
                          HEIGHT="42"
                          WIDTH="106"
                          VPOS="1069"
                          HPOS="3437">parts</String>
                  <SP WIDTH="27" VPOS="1078" HPOS="3544"> </SP>
                  <String WC="0.38499999046325684"
                          CONTENT="so"
                          HEIGHT="22"
                          WIDTH="42"
                          VPOS="1078"
                          HPOS="3572">so</String>
               </TextLine>
               <TextLine HEIGHT="69" WIDTH="1592" VPOS="1110" HPOS="2022">
                  <String WC="0.69499999284744263"
                          CONTENT="as"
                          HEIGHT="24"
                          WIDTH="41"
                          VPOS="1134"
                          HPOS="2022">as</String>
                  <SP WIDTH="28" VPOS="1127" HPOS="2064"> </SP>
                  <String WC="0.80500000715255737"
                          CONTENT="to"
                          HEIGHT="31"
                          WIDTH="38"
                          VPOS="1127"
                          HPOS="2093">to</String>
                  <SP WIDTH="31" VPOS="1135" HPOS="2132"> </SP>
                  <String WC="0.6966666579246521"
                          CONTENT="get"
                          HEIGHT="41"
                          WIDTH="63"
                          VPOS="1127"
                          HPOS="2164">get</String>
                  <SP WIDTH="28" VPOS="1127" HPOS="2228"> </SP>
                  <String WC="0.46666666865348816"
                          CONTENT="the"
                          HEIGHT="34"
                          WIDTH="63"
                          VPOS="1124"
                          HPOS="2257">the</String>
                  <SP WIDTH="28" VPOS="1135" HPOS="2321"> </SP>
                  <String WC="0.75999999046325684"
                          CONTENT="music"
                          HEIGHT="34"
                          WIDTH="118"
                          VPOS="1125"
                          HPOS="2350">music</String>
                  <SP WIDTH="28" VPOS="1134" HPOS="2469"> </SP>
                  <String WC="0.63499999046325684"
                          CONTENT="as"
                          HEIGHT="23"
                          WIDTH="42"
                          VPOS="1134"
                          HPOS="2498">as</String>
                  <SP WIDTH="29" VPOS="1134" HPOS="2541"> </SP>
                  <String WC="0.67142856121063232"
                          CONTENT="correct"
                          HEIGHT="32"
                          WIDTH="144"
                          VPOS="1127"
                          HPOS="2571">correct</String>
                  <SP WIDTH="28" VPOS="1128" HPOS="2716"> </SP>
                  <String WC="0.67500001192092896"
                          CONTENT="as"
                          HEIGHT="24"
                          WIDTH="41"
                          VPOS="1135"
                          HPOS="2745">as</String>
                  <SP WIDTH="27" VPOS="1135" HPOS="2787"> </SP>
                  <String WC="0.73777776956558228"
                          CONTENT="possible."
                          HEIGHT="45"
                          WIDTH="176"
                          VPOS="1124"
                          HPOS="2815">possible.</String>
                  <SP WIDTH="51" VPOS="1126" HPOS="2992"> </SP>
                  <String WC="0.56999999284744263"
                          CONTENT="Inserting"
                          HEIGHT="47"
                          WIDTH="195"
                          VPOS="1123"
                          HPOS="3044">Inserting</String>
                  <SP WIDTH="28" VPOS="1135" HPOS="3240"> </SP>
                  <String WC="0.76399999856948853"
                          CONTENT="rests"
                          HEIGHT="31"
                          WIDTH="98"
                          VPOS="1127"
                          HPOS="3269">rests</String>
                  <SP WIDTH="30" VPOS="1134" HPOS="3368"> </SP>
                  <String WC="0.79000002145767212"
                          CONTENT="and"
                          HEIGHT="32"
                          WIDTH="73"
                          VPOS="1125"
                          HPOS="3399">and</String>
                  <SP WIDTH="31" VPOS="1125" HPOS="3473"> </SP>
                  <String WC="0.75"
                          CONTENT="other"
                          HEIGHT="32"
                          WIDTH="109"
                          VPOS="1124"
                          HPOS="3505">other</String>
               </TextLine>
               <TextLine HEIGHT="65" WIDTH="1589" VPOS="1168" HPOS="2024">
                  <String WC="0.72500002384185791"
                          CONTENT="characters"
                          HEIGHT="35"
                          WIDTH="214"
                          VPOS="1180"
                          HPOS="2024">characters</String>
                  <SP WIDTH="22" VPOS="1191" HPOS="2239"> </SP>
                  <String WC="0.85500001907348633"
                          CONTENT="on"
                          HEIGHT="22"
                          WIDTH="46"
                          VPOS="1191"
                          HPOS="2262">on</String>
                  <SP WIDTH="22" VPOS="1191" HPOS="2309"> </SP>
                  <String WC="0.60857141017913818"
                          CONTENT="correct"
                          HEIGHT="32"
                          WIDTH="144"
                          VPOS="1184"
                          HPOS="2332">correct</String>
                  <SP WIDTH="20" VPOS="1181" HPOS="2477"> </SP>
                  <String WC="0.83249998092651367"
                          CONTENT="line"
                          HEIGHT="34"
                          WIDTH="76"
                          VPOS="1180"
                          HPOS="2498">line</String>
                  <SP WIDTH="24" VPOS="1192" HPOS="2575"> </SP>
                  <String WC="0.63499999046325684"
                          CONTENT="or"
                          HEIGHT="24"
                          WIDTH="40"
                          VPOS="1191"
                          HPOS="2600">or</String>
                  <SP WIDTH="20" VPOS="1193" HPOS="2641"> </SP>
                  <String WC="0.83166664838790894"
                          CONTENT="space,"
                          HEIGHT="34"
                          WIDTH="122"
                          VPOS="1190"
                          HPOS="2662">space,</String>
                  <SP WIDTH="22" VPOS="1192" HPOS="2785"> </SP>
                  <String WC="0.7160000205039978"
                          CONTENT="slurs"
                          HEIGHT="34"
                          WIDTH="96"
                          VPOS="1181"
                          HPOS="2808">slurs</String>
                  <SP WIDTH="21" VPOS="1191" HPOS="2905"> </SP>
                  <String WC="0.75333333015441895"
                          CONTENT="and"
                          HEIGHT="32"
                          WIDTH="75"
                          VPOS="1182"
                          HPOS="2927">and</String>
                  <SP WIDTH="21" VPOS="1182" HPOS="3003"> </SP>
                  <String WC="0.74250000715255737"
                          CONTENT="ties"
                          HEIGHT="34"
                          WIDTH="72"
                          VPOS="1180"
                          HPOS="3025">ties</String>
                  <SP WIDTH="22" VPOS="1190" HPOS="3098"> </SP>
                  <String WC="0.51499998569488525"
                          CONTENT="of"
                          HEIGHT="33"
                          WIDTH="42"
                          VPOS="1180"
                          HPOS="3121">of</String>
                  <SP WIDTH="19" VPOS="1180" HPOS="3164"> </SP>
                  <String WC="0.63545453548431396"
                          CONTENT="notes—these"
                          HEIGHT="35"
                          WIDTH="264"
                          VPOS="1180"
                          HPOS="3184">notes—these</String>
                  <SP WIDTH="24" VPOS="1189" HPOS="3449"> </SP>
                  <String WC="0.59333330392837524"
                          CONTENT="correc"
                          HEIGHT="22"
                          WIDTH="124"
                          VPOS="1190"
                          HPOS="3474"
                          SUBS_TYPE="HypPart1"
                          SUBS_CONTENT="corrections">correc</String>
                  <HYP CONTENT="­"/>
               </TextLine>
               <TextLine HEIGHT="50" WIDTH="633" VPOS="1232" HPOS="2023">
                  <String WC="0.8619999885559082"
                          CONTENT="tions"
                          HEIGHT="34"
                          WIDTH="100"
                          VPOS="1237"
                          HPOS="2023"
                          SUBS_TYPE="HypPart2"
                          SUBS_CONTENT="corrections">tions</String>
                  <SP WIDTH="27" VPOS="1248" HPOS="2124"> </SP>
                  <String WC="0.43999999761581421"
                          CONTENT="run"
                          HEIGHT="24"
                          WIDTH="69"
                          VPOS="1247"
                          HPOS="2152">run</String>
                  <SP WIDTH="28" VPOS="1248" HPOS="2222"> </SP>
                  <String WC="0.86000001430511475"
                          CONTENT="up"
                          HEIGHT="32"
                          WIDTH="49"
                          VPOS="1247"
                          HPOS="2251">up</String>
                  <SP WIDTH="27" VPOS="1237" HPOS="2301"> </SP>
                  <String WC="0.59249997138977051"
                          CONTENT="into"
                          HEIGHT="32"
                          WIDTH="81"
                          VPOS="1238"
                          HPOS="2329">into</String>
                  <SP WIDTH="27" VPOS="1241" HPOS="2411"> </SP>
                  <String WC="0.59799998998641968"
                          CONTENT="thousands."
                          HEIGHT="40"
                          WIDTH="217"
                          VPOS="1235"
                          HPOS="2439">thousands.</String>
               </TextLine>
               <TextLine HEIGHT="68" WIDTH="1543" VPOS="1292" HPOS="2071">
                  <String WC="0.78333336114883423"
                          CONTENT="10."
                          HEIGHT="31"
                          WIDTH="52"
                          VPOS="1307"
                          HPOS="2072">10.</String>
                  <SP WIDTH="52" VPOS="1306" HPOS="2124"> </SP>
                  <String WC="0.72000002861022949"
                          CONTENT="On"
                          HEIGHT="33"
                          WIDTH="56"
                          VPOS="1305"
                          HPOS="2176">On</String>
                  <SP WIDTH="26" VPOS="1307" HPOS="2232"> </SP>
                  <String WC="0.74000000953674316"
                          CONTENT="the"
                          HEIGHT="32"
                          WIDTH="66"
                          VPOS="1306"
                          HPOS="2258">the</String>
                  <SP WIDTH="26" VPOS="1305" HPOS="2324"> </SP>
                  <String WC="0.56000000238418579"
                          CONTENT="left"
                          HEIGHT="33"
                          WIDTH="75"
                          VPOS="1306"
                          HPOS="2350">left</String>
                  <SP WIDTH="25" VPOS="1307" HPOS="2425"> </SP>
                  <String WC="0.67000001668930054"
                          CONTENT="hand"
                          HEIGHT="36"
                          WIDTH="102"
                          VPOS="1304"
                          HPOS="2450">hand</String>
                  <SP WIDTH="27" VPOS="1306" HPOS="2552"> </SP>
                  <String WC="0.54000002145767212"
                          CONTENT="corner"
                          HEIGHT="25"
                          WIDTH="130"
                          VPOS="1315"
                          HPOS="2579">corner</String>
                  <SP WIDTH="26" VPOS="1317" HPOS="2710"> </SP>
                  <String WC="0.51499998569488525"
                          CONTENT="of"
                          HEIGHT="35"
                          WIDTH="43"
                          VPOS="1305"
                          HPOS="2737">of</String>
                  <SP WIDTH="25" VPOS="1305" HPOS="2780"> </SP>
                  <String WC="0.6600000262260437"
                          CONTENT="the"
                          HEIGHT="35"
                          WIDTH="65"
                          VPOS="1304"
                          HPOS="2805">the</String>
                  <SP WIDTH="25" VPOS="1315" HPOS="2870"> </SP>
                  <String WC="0.7279999852180481"
                          CONTENT="page,"
                          HEIGHT="33"
                          WIDTH="108"
                          VPOS="1316"
                          HPOS="2896">page,</String>
                  <SP WIDTH="27" VPOS="1309" HPOS="3005"> </SP>
                  <String WC="0.47333332896232605"
                          CONTENT="the"
                          HEIGHT="35"
                          WIDTH="64"
                          VPOS="1304"
                          HPOS="3033">the</String>
                  <SP WIDTH="26" VPOS="1315" HPOS="3097"> </SP>
                  <String WC="0.81499999761581421"
                          CONTENT="name"
                          HEIGHT="25"
                          WIDTH="108"
                          VPOS="1314"
                          HPOS="3124">name</String>
                  <SP WIDTH="27" VPOS="1316" HPOS="3233"> </SP>
                  <String WC="0.39500001072883606"
                          CONTENT="of"
                          HEIGHT="32"
                          WIDTH="42"
                          VPOS="1306"
                          HPOS="3261">of</String>
                  <SP WIDTH="25" VPOS="1305" HPOS="3304"> </SP>
                  <String WC="0.54000002145767212"
                          CONTENT="the"
                          HEIGHT="34"
                          WIDTH="64"
                          VPOS="1304"
                          HPOS="3330">the</String>
                  <SP WIDTH="27" VPOS="1313" HPOS="3395"> </SP>
                  <String WC="0.85500001907348633"
                          CONTENT="composer"
                          HEIGHT="33"
                          WIDTH="190"
                          VPOS="1313"
                          HPOS="3423">composer</String>
               </TextLine>
               <TextLine HEIGHT="69" WIDTH="1589" VPOS="1348" HPOS="2024">
                  <String WC="0.60500001907348633"
                          CONTENT="of"
                          HEIGHT="33"
                          WIDTH="41"
                          VPOS="1361"
                          HPOS="2024">of</String>
                  <SP WIDTH="22" VPOS="1362" HPOS="2066"> </SP>
                  <String WC="0.60333335399627686"
                          CONTENT="the"
                          HEIGHT="32"
                          WIDTH="65"
                          VPOS="1363"
                          HPOS="2089">the</String>
                  <SP WIDTH="22" VPOS="1373" HPOS="2155"> </SP>
                  <String WC="0.68400001525878906"
                          CONTENT="words"
                          HEIGHT="33"
                          WIDTH="121"
                          VPOS="1362"
                          HPOS="2178">words</String>
                  <SP WIDTH="25" VPOS="1371" HPOS="2300"> </SP>
                  <String WC="0.68500000238418579"
                          CONTENT="or"
                          HEIGHT="23"
                          WIDTH="40"
                          VPOS="1372"
                          HPOS="2326">or</String>
                  <SP WIDTH="22" VPOS="1373" HPOS="2367"> </SP>
                  <String WC="0.72285711765289307"
                          CONTENT="poetry,"
                          HEIGHT="43"
                          WIDTH="146"
                          VPOS="1363"
                          HPOS="2390">poetry,</String>
                  <SP WIDTH="22" VPOS="1373" HPOS="2537"> </SP>
                  <String WC="0.69999998807907104"
                          CONTENT="where"
                          HEIGHT="34"
                          WIDTH="123"
                          VPOS="1362"
                          HPOS="2560">where</String>
                  <SP WIDTH="23" VPOS="1364" HPOS="2684"> </SP>
                  <String WC="0.76166665554046631"
                          CONTENT="known,"
                          HEIGHT="45"
                          WIDTH="149"
                          VPOS="1361"
                          HPOS="2708">known,</String>
                  <SP WIDTH="22" VPOS="1371" HPOS="2858"> </SP>
                  <String WC="0.78666669130325317"
                          CONTENT="and"
                          HEIGHT="33"
                          WIDTH="75"
                          VPOS="1362"
                          HPOS="2881">and</String>
                  <SP WIDTH="22" VPOS="1364" HPOS="2957"> </SP>
                  <String WC="0.61333334445953369"
                          CONTENT="the"
                          HEIGHT="32"
                          WIDTH="63"
                          VPOS="1362"
                          HPOS="2980">the</String>
                  <SP WIDTH="25" VPOS="1362" HPOS="3044"> </SP>
                  <String WC="0.92250001430511475"
                          CONTENT="date"
                          HEIGHT="33"
                          WIDTH="87"
                          VPOS="1361"
                          HPOS="3070">date</String>
                  <SP WIDTH="23" VPOS="1371" HPOS="3158"> </SP>
                  <String WC="0.6600000262260437"
                          CONTENT="when"
                          HEIGHT="33"
                          WIDTH="109"
                          VPOS="1361"
                          HPOS="3182">when</String>
                  <SP WIDTH="25" VPOS="1371" HPOS="3292"> </SP>
                  <String WC="0.78444445133209229"
                          CONTENT="composed,"
                          HEIGHT="44"
                          WIDTH="207"
                          VPOS="1361"
                          HPOS="3318">composed,</String>
                  <SP WIDTH="23" VPOS="1371" HPOS="3526"> </SP>
                  <String WC="0.76666665077209473"
                          CONTENT="are"
                          HEIGHT="22"
                          WIDTH="63"
                          VPOS="1371"
                          HPOS="3550">are</String>
               </TextLine>
               <TextLine HEIGHT="68" WIDTH="1590" VPOS="1404" HPOS="2024">
                  <String WC="0.86714285612106323"
                          CONTENT="stated."
                          HEIGHT="33"
                          WIDTH="138"
                          VPOS="1419"
                          HPOS="2024">stated.</String>
                  <SP WIDTH="44" VPOS="1417" HPOS="2163"> </SP>
                  <String WC="0.31999999284744263"
                          CONTENT="On"
                          HEIGHT="33"
                          WIDTH="56"
                          VPOS="1417"
                          HPOS="2208">On</String>
                  <SP WIDTH="20" VPOS="1420" HPOS="2265"> </SP>
                  <String WC="0.38333332538604736"
                          CONTENT="the"
                          HEIGHT="33"
                          WIDTH="63"
                          VPOS="1418"
                          HPOS="2286">the</String>
                  <SP WIDTH="21" VPOS="1429" HPOS="2350"> </SP>
                  <String WC="0.58399999141693115"
                          CONTENT="right"
                          HEIGHT="43"
                          WIDTH="104"
                          VPOS="1418"
                          HPOS="2372">right</String>
                  <SP WIDTH="20" VPOS="1418" HPOS="2477"> </SP>
                  <String WC="0.63749998807907104"
                          CONTENT="hand"
                          HEIGHT="34"
                          WIDTH="102"
                          VPOS="1417"
                          HPOS="2498">hand</String>
                  <SP WIDTH="20" VPOS="1418" HPOS="2601"> </SP>
                  <String WC="0.67166668176651001"
                          CONTENT="corner"
                          HEIGHT="24"
                          WIDTH="130"
                          VPOS="1428"
                          HPOS="2622">corner</String>
                  <SP WIDTH="21" VPOS="1428" HPOS="2753"> </SP>
                  <String WC="0.52499997615814209"
                          CONTENT="of"
                          HEIGHT="33"
                          WIDTH="41"
                          VPOS="1418"
                          HPOS="2775">of</String>
                  <SP WIDTH="20" VPOS="1418" HPOS="2817"> </SP>
                  <String WC="0.57333332300186157"
                          CONTENT="the"
                          HEIGHT="33"
                          WIDTH="63"
                          VPOS="1418"
                          HPOS="2838">the</String>
                  <SP WIDTH="20" VPOS="1429" HPOS="2902"> </SP>
                  <String WC="0.87000000476837158"
                          CONTENT="page,"
                          HEIGHT="33"
                          WIDTH="107"
                          VPOS="1428"
                          HPOS="2923">page,</String>
                  <SP WIDTH="22" VPOS="1420" HPOS="3031"> </SP>
                  <String WC="0.42666667699813843"
                          CONTENT="the"
                          HEIGHT="34"
                          WIDTH="63"
                          VPOS="1416"
                          HPOS="3054">the</String>
                  <SP WIDTH="21" VPOS="1427" HPOS="3118"> </SP>
                  <String WC="0.67250001430511475"
                          CONTENT="name"
                          HEIGHT="23"
                          WIDTH="108"
                          VPOS="1427"
                          HPOS="3140">name</String>
                  <SP WIDTH="23" VPOS="1428" HPOS="3249"> </SP>
                  <String WC="0.5"
                          CONTENT="of"
                          HEIGHT="33"
                          WIDTH="41"
                          VPOS="1417"
                          HPOS="3273">of</String>
                  <SP WIDTH="20" VPOS="1417" HPOS="3315"> </SP>
                  <String WC="0.48333331942558289"
                          CONTENT="the"
                          HEIGHT="35"
                          WIDTH="64"
                          VPOS="1416"
                          HPOS="3336">the</String>
                  <SP WIDTH="22" VPOS="1426" HPOS="3401"> </SP>
                  <String WC="0.70999997854232788"
                          CONTENT="composer"
                          HEIGHT="33"
                          WIDTH="190"
                          VPOS="1426"
                          HPOS="3424">composer</String>
               </TextLine>
               <TextLine HEIGHT="64" WIDTH="1590" VPOS="1461" HPOS="2025">
                  <String WC="0.67000001668930054"
                          CONTENT="of"
                          HEIGHT="33"
                          WIDTH="41"
                          VPOS="1474"
                          HPOS="2025">of</String>
                  <SP WIDTH="23" VPOS="1474" HPOS="2067"> </SP>
                  <String WC="0.63999998569488525"
                          CONTENT="the"
                          HEIGHT="32"
                          WIDTH="63"
                          VPOS="1475"
                          HPOS="2091">the</String>
                  <SP WIDTH="24" VPOS="1486" HPOS="2155"> </SP>
                  <String WC="0.59200000762939453"
                          CONTENT="music"
                          HEIGHT="33"
                          WIDTH="118"
                          VPOS="1475"
                          HPOS="2180">music</String>
                  <SP WIDTH="23" VPOS="1484" HPOS="2299"> </SP>
                  <String WC="0.89249998331069946"
                          CONTENT="appears,"
                          HEIGHT="36"
                          WIDTH="171"
                          VPOS="1482"
                          HPOS="2323">appears,</String>
                  <SP WIDTH="23" VPOS="1486" HPOS="2495"> </SP>
                  <String WC="0.68199998140335083"
                          CONTENT="where"
                          HEIGHT="36"
                          WIDTH="124"
                          VPOS="1473"
                          HPOS="2519">where</String>
                  <SP WIDTH="23" VPOS="1485" HPOS="2644"> </SP>
                  <String WC="0.7537500262260437"
                          CONTENT="possible"
                          HEIGHT="44"
                          WIDTH="165"
                          VPOS="1473"
                          HPOS="2668">possible</String>
                  <SP WIDTH="23" VPOS="1477" HPOS="2834"> </SP>
                  <String WC="0.93000000715255737"
                          CONTENT="to"
                          HEIGHT="31"
                          WIDTH="39"
                          VPOS="1477"
                          HPOS="2858">to</String>
                  <SP WIDTH="25" VPOS="1474" HPOS="2898"> </SP>
                  <String WC="0.875"
                          CONTENT="find"
                          HEIGHT="34"
                          WIDTH="76"
                          VPOS="1474"
                          HPOS="2924">find</String>
                  <SP WIDTH="23" VPOS="1476" HPOS="3001"> </SP>
                  <String WC="0.57666665315628052"
                          CONTENT="the"
                          HEIGHT="34"
                          WIDTH="64"
                          VPOS="1473"
                          HPOS="3025">the</String>
                  <SP WIDTH="23" VPOS="1484" HPOS="3090"> </SP>
                  <String WC="0.80000001192092896"
                          CONTENT="name"
                          HEIGHT="24"
                          WIDTH="108"
                          VPOS="1483"
                          HPOS="3114">name</String>
                  <SP WIDTH="26" VPOS="1484" HPOS="3223"> </SP>
                  <String WC="0.5"
                          CONTENT="of"
                          HEIGHT="32"
                          WIDTH="41"
                          VPOS="1474"
                          HPOS="3250">of</String>
                  <SP WIDTH="24" VPOS="1473" HPOS="3292"> </SP>
                  <String WC="0.4166666567325592"
                          CONTENT="the"
                          HEIGHT="35"
                          WIDTH="64"
                          VPOS="1472"
                          HPOS="3317">the</String>
                  <SP WIDTH="28" VPOS="1483" HPOS="3382"> </SP>
                  <String WC="0.64999997615814209"
                          CONTENT="author"
                          HEIGHT="33"
                          WIDTH="134"
                          VPOS="1473"
                          HPOS="3411">author</String>
                  <SP WIDTH="27" VPOS="1484" HPOS="3546"> </SP>
                  <String WC="0.63499999046325684"
                          CONTENT="of"
                          HEIGHT="33"
                          WIDTH="41"
                          VPOS="1473"
                          HPOS="3574">of</String>
               </TextLine>
               <TextLine HEIGHT="66" WIDTH="1591" VPOS="1518" HPOS="2025">
                  <String WC="0.62999999523162842"
                          CONTENT="the"
                          HEIGHT="35"
                          WIDTH="63"
                          VPOS="1530"
                          HPOS="2025">the</String>
                  <SP WIDTH="25" VPOS="1541" HPOS="2089"> </SP>
                  <String WC="0.67750000953674316"
                          CONTENT="composition."
                          HEIGHT="46"
                          WIDTH="258"
                          VPOS="1530"
                          HPOS="2115">composition.</String>
                  <SP WIDTH="51" VPOS="1532" HPOS="2374"> </SP>
                  <String WC="0.59500002861022949"
                          CONTENT="Some"
                          HEIGHT="35"
                          WIDTH="106"
                          VPOS="1530"
                          HPOS="2426">Some</String>
                  <SP WIDTH="25" VPOS="1540" HPOS="2533"> </SP>
                  <String WC="0.6600000262260437"
                          CONTENT="of"
                          HEIGHT="33"
                          WIDTH="41"
                          VPOS="1531"
                          HPOS="2559">of</String>
                  <SP WIDTH="23" VPOS="1530" HPOS="2601"> </SP>
                  <String WC="0.52333331108093262"
                          CONTENT="the"
                          HEIGHT="32"
                          WIDTH="63"
                          VPOS="1532"
                          HPOS="2625">the</String>
                  <SP WIDTH="25" VPOS="1534" HPOS="2689"> </SP>
                  <String WC="0.65399998426437378"
                          CONTENT="tunes"
                          HEIGHT="33"
                          WIDTH="111"
                          VPOS="1532"
                          HPOS="2715">tunes</String>
                  <SP WIDTH="22" VPOS="1531" HPOS="2827"> </SP>
                  <String WC="0.67500001192092896"
                          CONTENT="have"
                          HEIGHT="33"
                          WIDTH="98"
                          VPOS="1531"
                          HPOS="2850">have</String>
                  <SP WIDTH="23" VPOS="1532" HPOS="2949"> </SP>
                  <String WC="0.56000000238418579"
                          CONTENT="been"
                          HEIGHT="34"
                          WIDTH="97"
                          VPOS="1530"
                          HPOS="2973">been</String>
                  <SP WIDTH="21" VPOS="1540" HPOS="3071"> </SP>
                  <String WC="0.7822222113609314"
                          CONTENT="published"
                          HEIGHT="45"
                          WIDTH="202"
                          VPOS="1528"
                          HPOS="3093">published</String>
                  <SP WIDTH="23" VPOS="1530" HPOS="3296"> </SP>
                  <String WC="0.54666668176651001"
                          CONTENT="for"
                          HEIGHT="35"
                          WIDTH="62"
                          VPOS="1528"
                          HPOS="3320">for</String>
                  <SP WIDTH="24" VPOS="1539" HPOS="3383"> </SP>
                  <String WC="1."
                          CONTENT="a"
                          HEIGHT="22"
                          WIDTH="22"
                          VPOS="1539"
                          HPOS="3408">a</String>
                  <SP WIDTH="25" VPOS="1539" HPOS="3431"> </SP>
                  <String WC="0.59714287519454956"
                          CONTENT="century"
                          HEIGHT="40"
                          WIDTH="159"
                          VPOS="1531"
                          HPOS="3457">century</String>
               </TextLine>
               <TextLine HEIGHT="66" WIDTH="1591" VPOS="1574" HPOS="2025">
                  <String WC="0.64499998092651367"
                          CONTENT="or"
                          HEIGHT="24"
                          WIDTH="40"
                          VPOS="1596"
                          HPOS="2026">or</String>
                  <SP WIDTH="26" VPOS="1597" HPOS="2067"> </SP>
                  <String WC="0.81199997663497925"
                          CONTENT="more,"
                          HEIGHT="32"
                          WIDTH="113"
                          VPOS="1597"
                          HPOS="2094">more,</String>
                  <SP WIDTH="29" VPOS="1597" HPOS="2208"> </SP>
                  <String WC="0.75333333015441895"
                          CONTENT="and"
                          HEIGHT="32"
                          WIDTH="76"
                          VPOS="1587"
                          HPOS="2237">and</String>
                  <SP WIDTH="28" VPOS="1587" HPOS="2312"> </SP>
                  <String WC="0.60500001907348633"
                          CONTENT="no"
                          HEIGHT="23"
                          WIDTH="47"
                          VPOS="1598"
                          HPOS="2340">no</String>
                  <SP WIDTH="29" VPOS="1589" HPOS="2388"> </SP>
                  <String WC="0.78600001335144043"
                          CONTENT="intimation"
                          HEIGHT="39"
                          WIDTH="222"
                          VPOS="1585"
                          HPOS="2416">intimation</String>
                  <SP WIDTH="29" VPOS="1598" HPOS="2638"> </SP>
                  <String WC="0.88333332538604736"
                          CONTENT="appearing"
                          HEIGHT="46"
                          WIDTH="211"
                          VPOS="1586"
                          HPOS="2668">appearing</String>
                  <SP WIDTH="27" VPOS="1596" HPOS="2879"> </SP>
                  <String WC="0.69999998807907104"
                          CONTENT="as"
                          HEIGHT="22"
                          WIDTH="42"
                          VPOS="1597"
                          HPOS="2907">as</String>
                  <SP WIDTH="28" VPOS="1589" HPOS="2950"> </SP>
                  <String WC="0.82999998331069946"
                          CONTENT="to"
                          HEIGHT="30"
                          WIDTH="40"
                          VPOS="1589"
                          HPOS="2978">to</String>
                  <SP WIDTH="28" VPOS="1597" HPOS="3018"> </SP>
                  <String WC="0.6066666841506958"
                          CONTENT="who"
                          HEIGHT="34"
                          WIDTH="83"
                          VPOS="1585"
                          HPOS="3047">who</String>
                  <SP WIDTH="28" VPOS="1585" HPOS="3130"> </SP>
                  <String WC="0.77499997615814209"
                          CONTENT="is"
                          HEIGHT="33"
                          WIDTH="33"
                          VPOS="1585"
                          HPOS="3158">is</String>
                  <SP WIDTH="26" VPOS="1589" HPOS="3191"> </SP>
                  <String WC="0.62999999523162842"
                          CONTENT="the"
                          HEIGHT="33"
                          WIDTH="66"
                          VPOS="1585"
                          HPOS="3218">the</String>
                  <SP WIDTH="29" VPOS="1596" HPOS="3284"> </SP>
                  <String WC="0.65833336114883423"
                          CONTENT="author"
                          HEIGHT="35"
                          WIDTH="136"
                          VPOS="1585"
                          HPOS="3314">author</String>
                  <SP WIDTH="27" VPOS="1594" HPOS="3451"> </SP>
                  <String WC="0.55500000715255737"
                          CONTENT="of"
                          HEIGHT="33"
                          WIDTH="42"
                          VPOS="1585"
                          HPOS="3479">of</String>
                  <SP WIDTH="30" VPOS="1585" HPOS="3521"> </SP>
                  <String WC="0.6066666841506958"
                          CONTENT="the"
                          HEIGHT="33"
                          WIDTH="65"
                          VPOS="1585"
                          HPOS="3551">the</String>
               </TextLine>
               <TextLine HEIGHT="65" WIDTH="1590" VPOS="1630" HPOS="2025">
                  <String WC="0.82599997520446777"
                          CONTENT="words"
                          HEIGHT="34"
                          WIDTH="121"
                          VPOS="1644"
                          HPOS="2025">words</String>
                  <SP WIDTH="24" VPOS="1655" HPOS="2147"> </SP>
                  <String WC="0.52999997138977051"
                          CONTENT="or"
                          HEIGHT="23"
                          WIDTH="40"
                          VPOS="1654"
                          HPOS="2172">or</String>
                  <SP WIDTH="23" VPOS="1654" HPOS="2213"> </SP>
                  <String WC="0.59666669368743896"
                          CONTENT="music,"
                          HEIGHT="43"
                          WIDTH="129"
                          VPOS="1643"
                          HPOS="2237">music,</String>
                  <SP WIDTH="26" VPOS="1655" HPOS="2367"> </SP>
                  <String WC="0.93500000238418579"
                          CONTENT="or"
                          HEIGHT="22"
                          WIDTH="40"
                          VPOS="1655"
                          HPOS="2394">or</String>
                  <SP WIDTH="24" VPOS="1646" HPOS="2435"> </SP>
                  <String WC="0.98000001907348633"
                          CONTENT="date"
                          HEIGHT="34"
                          WIDTH="88"
                          VPOS="1644"
                          HPOS="2460">date</String>
                  <SP WIDTH="26" VPOS="1654" HPOS="2549"> </SP>
                  <String WC="0.51999998092651367"
                          CONTENT="of"
                          HEIGHT="34"
                          WIDTH="41"
                          VPOS="1643"
                          HPOS="2576">of</String>
                  <SP WIDTH="24" VPOS="1644" HPOS="2618"> </SP>
                  <String WC="0.79714286327362061"
                          CONTENT="either;"
                          HEIGHT="44"
                          WIDTH="139"
                          VPOS="1643"
                          HPOS="2643">either;</String>
                  <SP WIDTH="27" VPOS="1653" HPOS="2783"> </SP>
                  <String WC="0.82333332300186157"
                          CONTENT="and"
                          HEIGHT="32"
                          WIDTH="75"
                          VPOS="1644"
                          HPOS="2811">and</String>
                  <SP WIDTH="24" VPOS="1644" HPOS="2887"> </SP>
                  <String WC="0.63599997758865356"
                          CONTENT="after"
                          HEIGHT="33"
                          WIDTH="104"
                          VPOS="1643"
                          HPOS="2912">after</String>
                  <SP WIDTH="24" VPOS="1654" HPOS="3017"> </SP>
                  <String WC="0.8566666841506958"
                          CONTENT="unlimited"
                          HEIGHT="36"
                          WIDTH="201"
                          VPOS="1642"
                          HPOS="3042">unlimited</String>
                  <SP WIDTH="25" VPOS="1645" HPOS="3244"> </SP>
                  <String WC="0.64625000953674316"
                          CONTENT="research"
                          HEIGHT="35"
                          WIDTH="174"
                          VPOS="1642"
                          HPOS="3270">research</String>
                  <SP WIDTH="26" VPOS="1642" HPOS="3445"> </SP>
                  <String WC="0.89999997615814209"
                          CONTENT="to"
                          HEIGHT="30"
                          WIDTH="39"
                          VPOS="1645"
                          HPOS="3472">to</String>
                  <SP WIDTH="26" VPOS="1642" HPOS="3512"> </SP>
                  <String WC="0.81749999523162842"
                          CONTENT="find"
                          HEIGHT="34"
                          WIDTH="76"
                          VPOS="1642"
                          HPOS="3539">find</String>
               </TextLine>
               <TextLine HEIGHT="64" WIDTH="1589" VPOS="1688" HPOS="2026">
                  <String WC="0.82333332300186157"
                          CONTENT="out"
                          HEIGHT="33"
                          WIDTH="64"
                          VPOS="1702"
                          HPOS="2026">out</String>
                  <SP WIDTH="27" VPOS="1703" HPOS="2091"> </SP>
                  <String WC="0.47333332896232605"
                          CONTENT="the"
                          HEIGHT="32"
                          WIDTH="63"
                          VPOS="1702"
                          HPOS="2119">the</String>
                  <SP WIDTH="31" VPOS="1711" HPOS="2183"> </SP>
                  <String WC="0.60285717248916626"
                          CONTENT="correct"
                          HEIGHT="31"
                          WIDTH="144"
                          VPOS="1703"
                          HPOS="2215">correct</String>
                  <SP WIDTH="28" VPOS="1704" HPOS="2360"> </SP>
                  <String WC="0.63285714387893677"
                          CONTENT="authors"
                          HEIGHT="34"
                          WIDTH="154"
                          VPOS="1700"
                          HPOS="2389">authors</String>
                  <SP WIDTH="30" VPOS="1711" HPOS="2544"> </SP>
                  <String WC="0.70499998331069946"
                          CONTENT="of"
                          HEIGHT="34"
                          WIDTH="40"
                          VPOS="1700"
                          HPOS="2575">of</String>
                  <SP WIDTH="26" VPOS="1701" HPOS="2616"> </SP>
                  <String WC="0.93800002336502075"
                          CONTENT="words"
                          HEIGHT="34"
                          WIDTH="122"
                          VPOS="1700"
                          HPOS="2643">words</String>
                  <SP WIDTH="28" VPOS="1709" HPOS="2766"> </SP>
                  <String WC="0.75333333015441895"
                          CONTENT="and"
                          HEIGHT="31"
                          WIDTH="75"
                          VPOS="1701"
                          HPOS="2795">and</String>
                  <SP WIDTH="26" VPOS="1701" HPOS="2871"> </SP>
                  <String WC="0.63499999046325684"
                          CONTENT="music,"
                          HEIGHT="42"
                          WIDTH="128"
                          VPOS="1700"
                          HPOS="2898">music,</String>
                  <SP WIDTH="28" VPOS="1710" HPOS="3027"> </SP>
                  <String WC="0.875"
                          CONTENT="we"
                          HEIGHT="22"
                          WIDTH="54"
                          VPOS="1709"
                          HPOS="3056">we</String>
                  <SP WIDTH="29" VPOS="1700" HPOS="3111"> </SP>
                  <String WC="0.72285711765289307"
                          CONTENT="haven’t"
                          HEIGHT="35"
                          WIDTH="163"
                          VPOS="1698"
                          HPOS="3141">haven’t</String>
                  <SP WIDTH="27" VPOS="1700" HPOS="3305"> </SP>
                  <String WC="0.62250000238418579"
                          CONTENT="been"
                          HEIGHT="34"
                          WIDTH="95"
                          VPOS="1698"
                          HPOS="3333">been</String>
                  <SP WIDTH="29" VPOS="1708" HPOS="3429"> </SP>
                  <String WC="0.87250000238418579"
                          CONTENT="able"
                          HEIGHT="32"
                          WIDTH="85"
                          VPOS="1699"
                          HPOS="3459">able</String>
                  <SP WIDTH="30" VPOS="1700" HPOS="3545"> </SP>
                  <String WC="0.7850000262260437"
                          CONTENT="to"
                          HEIGHT="31"
                          WIDTH="39"
                          VPOS="1700"
                          HPOS="3576">to</String>
               </TextLine>
               <TextLine HEIGHT="59" WIDTH="1589" VPOS="1743" HPOS="2026">
                  <String WC="0.73666667938232422"
                          CONTENT="determine"
                          HEIGHT="36"
                          WIDTH="207"
                          VPOS="1755"
                          HPOS="2026">determine</String>
                  <SP WIDTH="26" VPOS="1756" HPOS="2234"> </SP>
                  <String WC="0.54000002145767212"
                          CONTENT="in"
                          HEIGHT="32"
                          WIDTH="39"
                          VPOS="1756"
                          HPOS="2261">in</String>
                  <SP WIDTH="27" VPOS="1766" HPOS="2301"> </SP>
                  <String WC="0.75499999523162842"
                          CONTENT="some"
                          HEIGHT="22"
                          WIDTH="98"
                          VPOS="1768"
                          HPOS="2329">some</String>
                  <SP WIDTH="29" VPOS="1768" HPOS="2428"> </SP>
                  <String WC="0.67400002479553223"
                          CONTENT="cases"
                          HEIGHT="24"
                          WIDTH="103"
                          VPOS="1766"
                          HPOS="2458">cases</String>
                  <SP WIDTH="27" VPOS="1765" HPOS="2562"> </SP>
                  <String WC="0.75999999046325684"
                          CONTENT="who"
                          HEIGHT="33"
                          WIDTH="82"
                          VPOS="1757"
                          HPOS="2590">who</String>
                  <SP WIDTH="27" VPOS="1768" HPOS="2673"> </SP>
                  <String WC="0.56000000238418579"
                          CONTENT="are"
                          HEIGHT="23"
                          WIDTH="63"
                          VPOS="1766"
                          HPOS="2701">are</String>
                  <SP WIDTH="27" VPOS="1758" HPOS="2765"> </SP>
                  <String WC="0.76999998092651367"
                          CONTENT="the"
                          HEIGHT="33"
                          WIDTH="64"
                          VPOS="1756"
                          HPOS="2793">the</String>
                  <SP WIDTH="29" VPOS="1766" HPOS="2858"> </SP>
                  <String WC="0.54857140779495239"
                          CONTENT="authors"
                          HEIGHT="34"
                          WIDTH="153"
                          VPOS="1755"
                          HPOS="2888">authors</String>
                  <SP WIDTH="28" VPOS="1765" HPOS="3042"> </SP>
                  <String WC="0.69499999284744263"
                          CONTENT="of"
                          HEIGHT="32"
                          WIDTH="41"
                          VPOS="1755"
                          HPOS="3071">of</String>
                  <SP WIDTH="26" VPOS="1755" HPOS="3113"> </SP>
                  <String WC="0.73333334922790527"
                          CONTENT="the"
                          HEIGHT="33"
                          WIDTH="64"
                          VPOS="1755"
                          HPOS="3140">the</String>
                  <SP WIDTH="26" VPOS="1766" HPOS="3205"> </SP>
                  <String WC="0.64399999380111694"
                          CONTENT="music"
                          HEIGHT="35"
                          WIDTH="118"
                          VPOS="1754"
                          HPOS="3232">music</String>
                  <SP WIDTH="27" VPOS="1764" HPOS="3351"> </SP>
                  <String WC="0.77666664123535156"
                          CONTENT="and"
                          HEIGHT="31"
                          WIDTH="75"
                          VPOS="1756"
                          HPOS="3379">and</String>
                  <SP WIDTH="26" VPOS="1756" HPOS="3455"> </SP>
                  <String WC="0.75833332538604736"
                          CONTENT="words."
                          HEIGHT="32"
                          WIDTH="133"
                          VPOS="1756"
                          HPOS="3482">words.</String>
               </TextLine>
               <TextLine HEIGHT="66" WIDTH="1589" VPOS="1799" HPOS="2028">
                  <String WC="0.62800002098083496"
                          CONTENT="Quite"
                          HEIGHT="45"
                          WIDTH="110"
                          VPOS="1811"
                          HPOS="2028">Quite</String>
                  <SP WIDTH="29" VPOS="1824" HPOS="2139"> </SP>
                  <String WC="1."
                          CONTENT="a"
                          HEIGHT="23"
                          WIDTH="21"
                          VPOS="1823"
                          HPOS="2169">a</String>
                  <SP WIDTH="29" VPOS="1823" HPOS="2191"> </SP>
                  <String WC="0.77999997138977051"
                          CONTENT="number"
                          HEIGHT="33"
                          WIDTH="156"
                          VPOS="1814"
                          HPOS="2221">number</String>
                  <SP WIDTH="29" VPOS="1825" HPOS="2378"> </SP>
                  <String WC="0.75999999046325684"
                          CONTENT="of"
                          HEIGHT="33"
                          WIDTH="41"
                          VPOS="1814"
                          HPOS="2408">of</String>
                  <SP WIDTH="26" VPOS="1814" HPOS="2450"> </SP>
                  <String WC="0.75142854452133179"
                          CONTENT="persons"
                          HEIGHT="34"
                          WIDTH="155"
                          VPOS="1823"
                          HPOS="2477">persons</String>
                  <SP WIDTH="30" VPOS="1823" HPOS="2633"> </SP>
                  <String WC="0.63333332538604736"
                          CONTENT="are"
                          HEIGHT="23"
                          WIDTH="63"
                          VPOS="1823"
                          HPOS="2664">are</String>
                  <SP WIDTH="31" VPOS="1823" HPOS="2728"> </SP>
                  <String WC="0.76375001668930054"
                          CONTENT="claiming"
                          HEIGHT="45"
                          WIDTH="179"
                          VPOS="1812"
                          HPOS="2760">claiming</String>
                  <SP WIDTH="28" VPOS="1815" HPOS="2940"> </SP>
                  <String WC="0.51333332061767578"
                          CONTENT="the"
                          HEIGHT="32"
                          WIDTH="64"
                          VPOS="1813"
                          HPOS="2969">the</String>
                  <SP WIDTH="29" VPOS="1821" HPOS="3034"> </SP>
                  <String WC="0.66200000047683716"
                          CONTENT="authorship"
                          HEIGHT="44"
                          WIDTH="223"
                          VPOS="1811"
                          HPOS="3064">authorship</String>
                  <SP WIDTH="30" VPOS="1822" HPOS="3288"> </SP>
                  <String WC="0.75999999046325684"
                          CONTENT="of"
                          HEIGHT="34"
                          WIDTH="41"
                          VPOS="1811"
                          HPOS="3319">of</String>
                  <SP WIDTH="27" VPOS="1811" HPOS="3361"> </SP>
                  <String WC="0.59600001573562622"
                          CONTENT="words"
                          HEIGHT="32"
                          WIDTH="121"
                          VPOS="1812"
                          HPOS="3389">words</String>
                  <SP WIDTH="31" VPOS="1822" HPOS="3511"> </SP>
                  <String WC="0.75333333015441895"
                          CONTENT="and"
                          HEIGHT="31"
                          WIDTH="74"
                          VPOS="1813"
                          HPOS="3543">and</String>
               </TextLine>
               <TextLine HEIGHT="65" WIDTH="1594" VPOS="1858" HPOS="2023">
                  <String WC="0.61166667938232422"
                          CONTENT="music,"
                          HEIGHT="44"
                          WIDTH="131"
                          VPOS="1870"
                          HPOS="2023">music,</String>
                  <SP WIDTH="25" VPOS="1881" HPOS="2154"> </SP>
                  <String WC="0.81499999761581421"
                          CONTENT="especially"
                          HEIGHT="44"
                          WIDTH="208"
                          VPOS="1870"
                          HPOS="2179">especially</String>
                  <SP WIDTH="25" VPOS="1873" HPOS="2386"> </SP>
                  <String WC="0.476666659116745"
                          CONTENT="the"
                          HEIGHT="32"
                          WIDTH="67"
                          VPOS="1871"
                          HPOS="2410">the</String>
                  <SP WIDTH="26" VPOS="1870" HPOS="2476"> </SP>
                  <String WC="0.89999997615814209"
                          CONTENT="latter."
                          HEIGHT="35"
                          WIDTH="130"
                          VPOS="1869"
                          HPOS="2501">latter.</String>
                  <SP WIDTH="52" VPOS="1870" HPOS="2630"> </SP>
                  <String WC="0.62199997901916504"
                          CONTENT="Where"
                          HEIGHT="37"
                          WIDTH="137"
                          VPOS="1867"
                          HPOS="2681">Where</String>
                  <SP WIDTH="27" VPOS="1871" HPOS="2817"> </SP>
                  <String WC="0.71749997138977051"
                          CONTENT="this"
                          HEIGHT="34"
                          WIDTH="79"
                          VPOS="1868"
                          HPOS="2844">this</String>
                  <SP WIDTH="25" VPOS="1880" HPOS="2923"> </SP>
                  <String WC="0.67571431398391724"
                          CONTENT="occurs,"
                          HEIGHT="33"
                          WIDTH="140"
                          VPOS="1878"
                          HPOS="2949">occurs,</String>
                  <SP WIDTH="26" VPOS="1878" HPOS="3090"> </SP>
                  <String WC="0.99500000476837158"
                          CONTENT="we"
                          HEIGHT="22"
                          WIDTH="54"
                          VPOS="1878"
                          HPOS="3117">we</String>
                  <SP WIDTH="27" VPOS="1869" HPOS="3171"> </SP>
                  <String WC="0.83499997854232788"
                          CONTENT="have"
                          HEIGHT="32"
                          WIDTH="98"
                          VPOS="1869"
                          HPOS="3198">have</String>
                  <SP WIDTH="26" VPOS="1872" HPOS="3297"> </SP>
                  <String WC="0.61500000953674316"
                          CONTENT="tried,"
                          HEIGHT="43"
                          WIDTH="112"
                          VPOS="1868"
                          HPOS="3323">tried,</String>
                  <SP WIDTH="26" VPOS="1878" HPOS="3436"> </SP>
                  <String WC="0.69999998807907104"
                          CONTENT="as"
                          HEIGHT="21"
                          WIDTH="40"
                          VPOS="1879"
                          HPOS="3463">as</String>
                  <SP WIDTH="27" VPOS="1871" HPOS="3504"> </SP>
                  <String WC="0.93999999761581421"
                          CONTENT="best"
                          HEIGHT="31"
                          WIDTH="84"
                          VPOS="1871"
                          HPOS="3532">best</String>
               </TextLine>
               <TextLine HEIGHT="66" WIDTH="1591" VPOS="1914" HPOS="2025">
                  <String WC="0.77499997615814209"
                          CONTENT="we"
                          HEIGHT="24"
                          WIDTH="55"
                          VPOS="1936"
                          HPOS="2025">we</String>
                  <SP WIDTH="25" VPOS="1938" HPOS="2081"> </SP>
                  <String WC="0.7149999737739563"
                          CONTENT="could,"
                          HEIGHT="42"
                          WIDTH="118"
                          VPOS="1927"
                          HPOS="2107">could,</String>
                  <SP WIDTH="24" VPOS="1928" HPOS="2226"> </SP>
                  <String WC="0.93999999761581421"
                          CONTENT="to"
                          HEIGHT="31"
                          WIDTH="39"
                          VPOS="1928"
                          HPOS="2251">to</String>
                  <SP WIDTH="25" VPOS="1937" HPOS="2291"> </SP>
                  <String WC="0.5899999737739563"
                          CONTENT="secure"
                          HEIGHT="24"
                          WIDTH="127"
                          VPOS="1936"
                          HPOS="2317">secure</String>
                  <SP WIDTH="25" VPOS="1929" HPOS="2445"> </SP>
                  <String WC="0.75999999046325684"
                          CONTENT="the"
                          HEIGHT="32"
                          WIDTH="64"
                          VPOS="1927"
                          HPOS="2471">the</String>
                  <SP WIDTH="24" VPOS="1936" HPOS="2536"> </SP>
                  <String WC="0.69499999284744263"
                          CONTENT="name"
                          HEIGHT="24"
                          WIDTH="108"
                          VPOS="1935"
                          HPOS="2561">name</String>
                  <SP WIDTH="24" VPOS="1936" HPOS="2670"> </SP>
                  <String WC="0.69999998807907104"
                          CONTENT="of"
                          HEIGHT="33"
                          WIDTH="41"
                          VPOS="1926"
                          HPOS="2695">of</String>
                  <SP WIDTH="24" VPOS="1925" HPOS="2737"> </SP>
                  <String WC="0.59666669368743896"
                          CONTENT="the"
                          HEIGHT="34"
                          WIDTH="63"
                          VPOS="1925"
                          HPOS="2762">the</String>
                  <SP WIDTH="26" VPOS="1935" HPOS="2826"> </SP>
                  <String WC="0.66124999523162842"
                          CONTENT="original"
                          HEIGHT="43"
                          WIDTH="162"
                          VPOS="1925"
                          HPOS="2853">original</String>
                  <SP WIDTH="24" VPOS="1926" HPOS="3016"> </SP>
                  <String WC="0.66857141256332397"
                          CONTENT="author,"
                          HEIGHT="43"
                          WIDTH="147"
                          VPOS="1925"
                          HPOS="3041">author,</String>
                  <SP WIDTH="26" VPOS="1935" HPOS="3189"> </SP>
                  <String WC="0.81666666269302368"
                          CONTENT="and"
                          HEIGHT="31"
                          WIDTH="75"
                          VPOS="1927"
                          HPOS="3216">and</String>
                  <SP WIDTH="23" VPOS="1927" HPOS="3292"> </SP>
                  <String WC="1."
                          CONTENT="give"
                          HEIGHT="42"
                          WIDTH="86"
                          VPOS="1926"
                          HPOS="3316">give</String>
                  <SP WIDTH="25" VPOS="1933" HPOS="3403"> </SP>
                  <String WC="0.79666668176651001"
                          CONTENT="credit"
                          HEIGHT="35"
                          WIDTH="120"
                          VPOS="1924"
                          HPOS="3429">credit</String>
                  <SP WIDTH="24" VPOS="1928" HPOS="3550"> </SP>
                  <String WC="0.79000002145767212"
                          CONTENT="as"
                          HEIGHT="22"
                          WIDTH="41"
                          VPOS="1935"
                          HPOS="3575">as</String>
               </TextLine>
               <TextLine HEIGHT="66" WIDTH="1591" VPOS="1970" HPOS="2027">
                  <String WC="0.90499997138977051"
                          CONTENT="we"
                          HEIGHT="25"
                          WIDTH="55"
                          VPOS="1993"
                          HPOS="2027">we</String>
                  <SP WIDTH="22" VPOS="1985" HPOS="2083"> </SP>
                  <String WC="0.82857143878936768"
                          CONTENT="believe"
                          HEIGHT="36"
                          WIDTH="148"
                          VPOS="1982"
                          HPOS="2106">believe</String>
                  <SP WIDTH="24" VPOS="1983" HPOS="2255"> </SP>
                  <String WC="0.45500001311302185"
                          CONTENT="it"
                          HEIGHT="32"
                          WIDTH="32"
                          VPOS="1983"
                          HPOS="2280">it</String>
                  <SP WIDTH="23" VPOS="1984" HPOS="2313"> </SP>
                  <String WC="1."
                          CONTENT="to"
                          HEIGHT="32"
                          WIDTH="39"
                          VPOS="1985"
                          HPOS="2337">to</String>
                  <SP WIDTH="24" VPOS="1984" HPOS="2377"> </SP>
                  <String WC="1."
                          CONTENT="be."
                          HEIGHT="32"
                          WIDTH="56"
                          VPOS="1984"
                          HPOS="2402">be.</String>
                  <SP WIDTH="48" VPOS="1983" HPOS="2459"> </SP>
                  <String WC="0.60000002384185791"
                          CONTENT="In"
                          HEIGHT="31"
                          WIDTH="46"
                          VPOS="1983"
                          HPOS="2508">In</String>
                  <SP WIDTH="24" VPOS="1993" HPOS="2555"> </SP>
                  <String WC="0.76249998807907104"
                          CONTENT="some"
                          HEIGHT="24"
                          WIDTH="99"
                          VPOS="1992"
                          HPOS="2580">some</String>
                  <SP WIDTH="25" VPOS="1993" HPOS="2680"> </SP>
                  <String WC="0.47999998927116394"
                          CONTENT="of"
                          HEIGHT="34"
                          WIDTH="41"
                          VPOS="1982"
                          HPOS="2706">of</String>
                  <SP WIDTH="22" VPOS="1981" HPOS="2748"> </SP>
                  <String WC="0.82499998807907104"
                          CONTENT="them"
                          HEIGHT="32"
                          WIDTH="103"
                          VPOS="1982"
                          HPOS="2771">them</String>
                  <SP WIDTH="24" VPOS="1984" HPOS="2875"> </SP>
                  <String WC="0.72200000286102295"
                          CONTENT="there"
                          HEIGHT="32"
                          WIDTH="105"
                          VPOS="1982"
                          HPOS="2900">there</String>
                  <SP WIDTH="25" VPOS="1992" HPOS="3006"> </SP>
                  <String WC="0.77333331108093262"
                          CONTENT="are"
                          HEIGHT="22"
                          WIDTH="63"
                          VPOS="1991"
                          HPOS="3032">are</String>
                  <SP WIDTH="25" VPOS="1991" HPOS="3096"> </SP>
                  <String WC="0.81999999284744263"
                          CONTENT="only"
                          HEIGHT="45"
                          WIDTH="88"
                          VPOS="1980"
                          HPOS="3122">only</String>
                  <SP WIDTH="25" VPOS="1991" HPOS="3211"> </SP>
                  <String WC="0.63571429252624512"
                          CONTENT="changes"
                          HEIGHT="44"
                          WIDTH="162"
                          VPOS="1980"
                          HPOS="3237">changes</String>
                  <SP WIDTH="27" VPOS="1991" HPOS="3400"> </SP>
                  <String WC="0.60500001907348633"
                          CONTENT="of"
                          HEIGHT="33"
                          WIDTH="41"
                          VPOS="1980"
                          HPOS="3428">of</String>
                  <SP WIDTH="23" VPOS="1981" HPOS="3470"> </SP>
                  <String WC="1."
                          CONTENT="a"
                          HEIGHT="22"
                          WIDTH="21"
                          VPOS="1991"
                          HPOS="3494">a</String>
                  <SP WIDTH="23" VPOS="1980" HPOS="3516"> </SP>
                  <String WC="0.76333332061767578"
                          CONTENT="few"
                          HEIGHT="34"
                          WIDTH="78"
                          VPOS="1980"
                          HPOS="3540">few</String>
               </TextLine>
               <TextLine HEIGHT="65" WIDTH="1591" VPOS="2027" HPOS="2027">
                  <String WC="0.69599997997283936"
                          CONTENT="notes"
                          HEIGHT="32"
                          WIDTH="108"
                          VPOS="2043"
                          HPOS="2027">notes</String>
                  <SP WIDTH="21" VPOS="2041" HPOS="2136"> </SP>
                  <String WC="0.48500001430511475"
                          CONTENT="in"
                          HEIGHT="34"
                          WIDTH="39"
                          VPOS="2040"
                          HPOS="2158">in</String>
                  <SP WIDTH="20" VPOS="2042" HPOS="2198"> </SP>
                  <String WC="0.60000002384185791"
                          CONTENT="the"
                          HEIGHT="33"
                          WIDTH="63"
                          VPOS="2040"
                          HPOS="2219">the</String>
                  <SP WIDTH="21" VPOS="2042" HPOS="2283"> </SP>
                  <String WC="0.54833334684371948"
                          CONTENT="tunes,"
                          HEIGHT="40"
                          WIDTH="121"
                          VPOS="2042"
                          HPOS="2305">tunes,</String>
                  <SP WIDTH="21" VPOS="2051" HPOS="2427"> </SP>
                  <String WC="0.75666666030883789"
                          CONTENT="and"
                          HEIGHT="33"
                          WIDTH="74"
                          VPOS="2040"
                          HPOS="2449">and</String>
                  <SP WIDTH="20" VPOS="2040" HPOS="2524"> </SP>
                  <String WC="0.75499999523162842"
                          CONTENT="on"
                          HEIGHT="22"
                          WIDTH="45"
                          VPOS="2050"
                          HPOS="2545">on</String>
                  <SP WIDTH="19" VPOS="2041" HPOS="2591"> </SP>
                  <String WC="0.42399999499320984"
                          CONTENT="this,"
                          HEIGHT="42"
                          WIDTH="88"
                          VPOS="2040"
                          HPOS="2611">this,</String>
                  <SP WIDTH="22" VPOS="2049" HPOS="2700"> </SP>
                  <String WC="0.80199998617172241"
                          CONTENT="claim"
                          HEIGHT="36"
                          WIDTH="111"
                          VPOS="2037"
                          HPOS="2723">claim</String>
                  <SP WIDTH="19" VPOS="2040" HPOS="2835"> </SP>
                  <String WC="0.78250002861022949"
                          CONTENT="them"
                          HEIGHT="33"
                          WIDTH="102"
                          VPOS="2038"
                          HPOS="2855">them</String>
                  <SP WIDTH="21" VPOS="2048" HPOS="2958"> </SP>
                  <String WC="0.69999998807907104"
                          CONTENT="as"
                          HEIGHT="23"
                          WIDTH="40"
                          VPOS="2048"
                          HPOS="2980">as</String>
                  <SP WIDTH="20" VPOS="2041" HPOS="3021"> </SP>
                  <String WC="0.66600000858306885"
                          CONTENT="their"
                          HEIGHT="34"
                          WIDTH="101"
                          VPOS="2037"
                          HPOS="3042">their</String>
                  <SP WIDTH="21" VPOS="2047" HPOS="3144"> </SP>
                  <String WC="0.64666664600372314"
                          CONTENT="own"
                          HEIGHT="22"
                          WIDTH="82"
                          VPOS="2048"
                          HPOS="3166">own</String>
                  <SP WIDTH="19" VPOS="2049" HPOS="3249"> </SP>
                  <String WC="0.75833332538604736"
                          CONTENT="productions."
                          HEIGHT="44"
                          WIDTH="255"
                          VPOS="2037"
                          HPOS="3269">productions.</String>
                  <SP WIDTH="45" VPOS="2037" HPOS="3525"> </SP>
                  <String WC="0.40999999642372131"
                          CONTENT="In"
                          HEIGHT="31"
                          WIDTH="47"
                          VPOS="2038"
                          HPOS="3571">In</String>
               </TextLine>
               <TextLine HEIGHT="64" WIDTH="1591" VPOS="2084" HPOS="2028">
                  <String WC="0.47499999403953552"
                          CONTENT="such"
                          HEIGHT="34"
                          WIDTH="90"
                          VPOS="2098"
                          HPOS="2028">such</String>
                  <SP WIDTH="28" VPOS="2099" HPOS="2119"> </SP>
                  <String WC="0.66666668653488159"
                          CONTENT="cases,"
                          HEIGHT="33"
                          WIDTH="115"
                          VPOS="2107"
                          HPOS="2148">cases,</String>
                  <SP WIDTH="28" VPOS="2107" HPOS="2264"> </SP>
                  <String WC="0.84500002861022949"
                          CONTENT="we"
                          HEIGHT="23"
                          WIDTH="55"
                          VPOS="2107"
                          HPOS="2293">we</String>
                  <SP WIDTH="28" VPOS="2098" HPOS="2349"> </SP>
                  <String WC="0.76999998092651367"
                          CONTENT="have"
                          HEIGHT="31"
                          WIDTH="97"
                          VPOS="2098"
                          HPOS="2378">have</String>
                  <SP WIDTH="32" VPOS="2106" HPOS="2476"> </SP>
                  <String WC="0.81499999761581421"
                          CONTENT="credited"
                          HEIGHT="35"
                          WIDTH="169"
                          VPOS="2095"
                          HPOS="2509">credited</String>
                  <SP WIDTH="28" VPOS="2096" HPOS="2679"> </SP>
                  <String WC="0.63999998569488525"
                          CONTENT="the"
                          HEIGHT="35"
                          WIDTH="64"
                          VPOS="2094"
                          HPOS="2708">the</String>
                  <SP WIDTH="29" VPOS="2105" HPOS="2773"> </SP>
                  <String WC="0.6524999737739563"
                          CONTENT="original"
                          HEIGHT="43"
                          WIDTH="161"
                          VPOS="2094"
                          HPOS="2803">original</String>
                  <SP WIDTH="30" VPOS="2095" HPOS="2965"> </SP>
                  <String WC="0.68833333253860474"
                          CONTENT="author"
                          HEIGHT="34"
                          WIDTH="137"
                          VPOS="2094"
                          HPOS="2996">author</String>
                  <SP WIDTH="28" VPOS="2104" HPOS="3134"> </SP>
                  <String WC="0.63499999046325684"
                          CONTENT="wherever"
                          HEIGHT="36"
                          WIDTH="193"
                          VPOS="2091"
                          HPOS="3163">wherever</String>
                  <SP WIDTH="28" VPOS="2094" HPOS="3357"> </SP>
                  <String WC="0.77666664123535156"
                          CONTENT="found."
                          HEIGHT="33"
                          WIDTH="131"
                          VPOS="2094"
                          HPOS="3386">found.</String>
                  <SP WIDTH="53" VPOS="2094" HPOS="3518"> </SP>
                  <String WC="0.42500001192092896"
                          CONTENT="In"
                          HEIGHT="32"
                          WIDTH="47"
                          VPOS="2094"
                          HPOS="3572">In</String>
               </TextLine>
               <TextLine HEIGHT="64" WIDTH="1594" VPOS="2141" HPOS="2026">
                  <String WC="0.78750002384185791"
                          CONTENT="some"
                          HEIGHT="26"
                          WIDTH="100"
                          VPOS="2163"
                          HPOS="2026">some</String>
                  <SP WIDTH="24" VPOS="2165" HPOS="2127"> </SP>
                  <String WC="0.43500000238418579"
                          CONTENT="of"
                          HEIGHT="34"
                          WIDTH="43"
                          VPOS="2153"
                          HPOS="2151">of</String>
                  <SP WIDTH="24" VPOS="2153" HPOS="2193"> </SP>
                  <String WC="0.73400002717971802"
                          CONTENT="them,"
                          HEIGHT="43"
                          WIDTH="115"
                          VPOS="2154"
                          HPOS="2216">them,</String>
                  <SP WIDTH="22" VPOS="2165" HPOS="2331"> </SP>
                  <String WC="0.875"
                          CONTENT="we"
                          HEIGHT="23"
                          WIDTH="55"
                          VPOS="2164"
                          HPOS="2354">we</String>
                  <SP WIDTH="23" VPOS="2164" HPOS="2410"> </SP>
                  <String WC="0.94999998807907104"
                          CONTENT="may"
                          HEIGHT="33"
                          WIDTH="88"
                          VPOS="2163"
                          HPOS="2434">may</String>
                  <SP WIDTH="18" VPOS="2163" HPOS="2523"> </SP>
                  <String WC="0.8125"
                          CONTENT="make"
                          HEIGHT="28"
                          WIDTH="112"
                          VPOS="2158"
                          HPOS="2541">make</String>
                  <SP WIDTH="23" VPOS="2163" HPOS="2654"> </SP>
                  <String WC="0.77555555105209351"
                          CONTENT="mistakes;"
                          HEIGHT="46"
                          WIDTH="203"
                          VPOS="2150"
                          HPOS="2677">mistakes;</String>
                  <SP WIDTH="28" VPOS="2151" HPOS="2879"> </SP>
                  <String WC="0.56999999284744263"
                          CONTENT="if"
                          HEIGHT="31"
                          WIDTH="36"
                          VPOS="2152"
                          HPOS="2906">if</String>
                  <SP WIDTH="25" VPOS="2152" HPOS="2941"> </SP>
                  <String WC="0.80666667222976685"
                          CONTENT="so,"
                          HEIGHT="32"
                          WIDTH="51"
                          VPOS="2161"
                          HPOS="2966">so,</String>
                  <SP WIDTH="24" VPOS="2161" HPOS="3018"> </SP>
                  <String WC="0.68000000715255737"
                          CONTENT="an"
                          HEIGHT="23"
                          WIDTH="48"
                          VPOS="2160"
                          HPOS="3043">an</String>
                  <SP WIDTH="25" VPOS="2160" HPOS="3092"> </SP>
                  <String WC="0.66545456647872925"
                          CONTENT="examination"
                          HEIGHT="38"
                          WIDTH="260"
                          VPOS="2147"
                          HPOS="3117">examination</String>
                  <SP WIDTH="22" VPOS="2160" HPOS="3377"> </SP>
                  <String WC="0.77999997138977051"
                          CONTENT="will"
                          HEIGHT="34"
                          WIDTH="80"
                          VPOS="2149"
                          HPOS="3399">will</String>
                  <SP WIDTH="25" VPOS="2150" HPOS="3479"> </SP>
                  <String WC="0.77399998903274536"
                          CONTENT="show,"
                          HEIGHT="41"
                          WIDTH="115"
                          VPOS="2151"
                          HPOS="3504">show,</String>
               </TextLine>
               <TextLine HEIGHT="50" WIDTH="543" VPOS="2206" HPOS="2028">
                  <String WC="0.70749998092651367"
                          CONTENT="they"
                          HEIGHT="45"
                          WIDTH="91"
                          VPOS="2210"
                          HPOS="2028">they</String>
                  <SP WIDTH="23" VPOS="2221" HPOS="2120"> </SP>
                  <String WC="0.6966666579246521"
                          CONTENT="are"
                          HEIGHT="23"
                          WIDTH="63"
                          VPOS="2220"
                          HPOS="2144">are</String>
                  <SP WIDTH="25" VPOS="2210" HPOS="2208"> </SP>
                  <String WC="0.78666669130325317"
                          CONTENT="few"
                          HEIGHT="34"
                          WIDTH="77"
                          VPOS="2209"
                          HPOS="2234">few</String>
                  <SP WIDTH="25" VPOS="2209" HPOS="2312"> </SP>
                  <String WC="0.38999998569488525"
                          CONTENT="in"
                          HEIGHT="31"
                          WIDTH="39"
                          VPOS="2210"
                          HPOS="2338">in</String>
                  <SP WIDTH="26" VPOS="2221" HPOS="2378"> </SP>
                  <String WC="0.75"
                          CONTENT="number."
                          HEIGHT="35"
                          WIDTH="166"
                          VPOS="2208"
                          HPOS="2405">number.</String>
               </TextLine>
               <TextLine HEIGHT="63" WIDTH="1543" VPOS="2265" HPOS="2077">
                  <String WC="0.75333333015441895"
                          CONTENT="11."
                          HEIGHT="31"
                          WIDTH="53"
                          VPOS="2281"
                          HPOS="2077">11.</String>
                  <SP WIDTH="48" VPOS="2279" HPOS="2131"> </SP>
                  <String WC="0.80000001192092896"
                          CONTENT="Following"
                          HEIGHT="45"
                          WIDTH="211"
                          VPOS="2277"
                          HPOS="2180">Following</String>
                  <SP WIDTH="20" VPOS="2288" HPOS="2392"> </SP>
                  <String WC="0.73500001430511475"
                          CONTENT="each"
                          HEIGHT="33"
                          WIDTH="92"
                          VPOS="2277"
                          HPOS="2413">each</String>
                  <SP WIDTH="22" VPOS="2277" HPOS="2506"> </SP>
                  <String WC="0.65499997138977051"
                          CONTENT="of"
                          HEIGHT="33"
                          WIDTH="40"
                          VPOS="2276"
                          HPOS="2529">of</String>
                  <SP WIDTH="23" VPOS="2276" HPOS="2570"> </SP>
                  <String WC="0.56333333253860474"
                          CONTENT="the"
                          HEIGHT="34"
                          WIDTH="63"
                          VPOS="2276"
                          HPOS="2594">the</String>
                  <SP WIDTH="22" VPOS="2279" HPOS="2658"> </SP>
                  <String WC="0.63333332538604736"
                          CONTENT="tunes,"
                          HEIGHT="45"
                          WIDTH="121"
                          VPOS="2276"
                          HPOS="2681">tunes,</String>
                  <SP WIDTH="23" VPOS="2286" HPOS="2803"> </SP>
                  <String WC="0.82749998569488525"
                          CONTENT="odes"
                          HEIGHT="35"
                          WIDTH="88"
                          VPOS="2274"
                          HPOS="2827">odes</String>
                  <SP WIDTH="20" VPOS="2286" HPOS="2916"> </SP>
                  <String WC="0.75999999046325684"
                          CONTENT="and"
                          HEIGHT="32"
                          WIDTH="75"
                          VPOS="2276"
                          HPOS="2937">and</String>
                  <SP WIDTH="23" VPOS="2276" HPOS="3013"> </SP>
                  <String WC="0.64125001430511475"
                          CONTENT="anthems,"
                          HEIGHT="44"
                          WIDTH="184"
                          VPOS="2274"
                          HPOS="3037">anthems,</String>
                  <SP WIDTH="21" VPOS="2274" HPOS="3222"> </SP>
                  <String WC="0.73500001430511475"
                          CONTENT="is"
                          HEIGHT="33"
                          WIDTH="32"
                          VPOS="2274"
                          HPOS="3244">is</String>
                  <SP WIDTH="22" VPOS="2285" HPOS="3277"> </SP>
                  <String WC="1."
                          CONTENT="a"
                          HEIGHT="23"
                          WIDTH="21"
                          VPOS="2284"
                          HPOS="3300">a</String>
                  <SP WIDTH="21" VPOS="2274" HPOS="3322"> </SP>
                  <String WC="0.59200000762939453"
                          CONTENT="brief"
                          HEIGHT="34"
                          WIDTH="104"
                          VPOS="2273"
                          HPOS="3344">brief</String>
                  <SP WIDTH="21" VPOS="2274" HPOS="3449"> </SP>
                  <String WC="0.6485714316368103"
                          CONTENT="history"
                          HEIGHT="43"
                          WIDTH="149"
                          VPOS="2274"
                          HPOS="3471">history</String>
               </TextLine>
               <TextLine HEIGHT="65" WIDTH="1589" VPOS="2321" HPOS="2030">
                  <String WC="0.7149999737739563"
                          CONTENT="of"
                          HEIGHT="35"
                          WIDTH="41"
                          VPOS="2335"
                          HPOS="2030">of</String>
                  <SP WIDTH="21" VPOS="2335" HPOS="2072"> </SP>
                  <String WC="0.63999998569488525"
                          CONTENT="the"
                          HEIGHT="32"
                          WIDTH="64"
                          VPOS="2336"
                          HPOS="2094">the</String>
                  <SP WIDTH="23" VPOS="2346" HPOS="2159"> </SP>
                  <String WC="0.6783333420753479"
                          CONTENT="author"
                          HEIGHT="33"
                          WIDTH="136"
                          VPOS="2335"
                          HPOS="2183">author</String>
                  <SP WIDTH="22" VPOS="2345" HPOS="2320"> </SP>
                  <String WC="0.42500001192092896"
                          CONTENT="of"
                          HEIGHT="33"
                          WIDTH="41"
                          VPOS="2335"
                          HPOS="2343">of</String>
                  <SP WIDTH="21" VPOS="2335" HPOS="2385"> </SP>
                  <String WC="0.65333330631256104"
                          CONTENT="the"
                          HEIGHT="32"
                          WIDTH="64"
                          VPOS="2335"
                          HPOS="2407">the</String>
                  <SP WIDTH="23" VPOS="2344" HPOS="2472"> </SP>
                  <String WC="0.68599998950958252"
                          CONTENT="music"
                          HEIGHT="34"
                          WIDTH="119"
                          VPOS="2332"
                          HPOS="2496">music</String>
                  <SP WIDTH="21" VPOS="2343" HPOS="2616"> </SP>
                  <String WC="1."
                          CONTENT="and"
                          HEIGHT="31"
                          WIDTH="74"
                          VPOS="2335"
                          HPOS="2638">and</String>
                  <SP WIDTH="23" VPOS="2334" HPOS="2713"> </SP>
                  <String WC="0.58499997854232788"
                          CONTENT="of"
                          HEIGHT="35"
                          WIDTH="42"
                          VPOS="2331"
                          HPOS="2737">of</String>
                  <SP WIDTH="22" VPOS="2331" HPOS="2780"> </SP>
                  <String WC="0.68999999761581421"
                          CONTENT="the"
                          HEIGHT="33"
                          WIDTH="63"
                          VPOS="2332"
                          HPOS="2803">the</String>
                  <SP WIDTH="22" VPOS="2332" HPOS="2867"> </SP>
                  <String WC="0.6600000262260437"
                          CONTENT="hymn"
                          HEIGHT="42"
                          WIDTH="116"
                          VPOS="2332"
                          HPOS="2890">hymn</String>
                  <SP WIDTH="23" VPOS="2341" HPOS="3007"> </SP>
                  <String WC="0.60500001907348633"
                          CONTENT="or"
                          HEIGHT="23"
                          WIDTH="39"
                          VPOS="2340"
                          HPOS="3031">or</String>
                  <SP WIDTH="23" VPOS="2341" HPOS="3071"> </SP>
                  <String WC="0.71333330869674683"
                          CONTENT="words,"
                          HEIGHT="42"
                          WIDTH="133"
                          VPOS="2331"
                          HPOS="3095">words,</String>
                  <SP WIDTH="24" VPOS="2342" HPOS="3229"> </SP>
                  <String WC="0.67599999904632568"
                          CONTENT="where"
                          HEIGHT="36"
                          WIDTH="123"
                          VPOS="2329"
                          HPOS="3254">where</String>
                  <SP WIDTH="25" VPOS="2330" HPOS="3378"> </SP>
                  <String WC="0.81666666269302368"
                          CONTENT="known,"
                          HEIGHT="42"
                          WIDTH="148"
                          VPOS="2330"
                          HPOS="3404">known,</String>
                  <SP WIDTH="25" VPOS="2341" HPOS="3553"> </SP>
                  <String WC="0.55500000715255737"
                          CONTENT="or"
                          HEIGHT="23"
                          WIDTH="40"
                          VPOS="2340"
                          HPOS="3579">or</String>
               </TextLine>
               <TextLine HEIGHT="56" WIDTH="1591" VPOS="2378" HPOS="2029">
                  <String WC="0.88999998569488525"
                          CONTENT="else"
                          HEIGHT="36"
                          WIDTH="76"
                          VPOS="2391"
                          HPOS="2029">else</String>
                  <SP WIDTH="36" VPOS="2403" HPOS="2106"> </SP>
                  <String WC="0.73111110925674438"
                          CONTENT="reference"
                          HEIGHT="37"
                          WIDTH="195"
                          VPOS="2390"
                          HPOS="2143">reference</String>
                  <SP WIDTH="37" VPOS="2393" HPOS="2339"> </SP>
                  <String WC="0.61000001430511475"
                          CONTENT="to"
                          HEIGHT="30"
                          WIDTH="39"
                          VPOS="2394"
                          HPOS="2377">to</String>
                  <SP WIDTH="36" VPOS="2402" HPOS="2417"> </SP>
                  <String WC="0.6940000057220459"
                          CONTENT="where"
                          HEIGHT="33"
                          WIDTH="123"
                          VPOS="2390"
                          HPOS="2454">where</String>
                  <SP WIDTH="39" VPOS="2399" HPOS="2578"> </SP>
                  <String WC="0.53750002384185791"
                          CONTENT="such"
                          HEIGHT="32"
                          WIDTH="90"
                          VPOS="2391"
                          HPOS="2618">such</String>
                  <SP WIDTH="38" VPOS="2390" HPOS="2709"> </SP>
                  <String WC="0.6045454740524292"
                          CONTENT="information"
                          HEIGHT="37"
                          WIDTH="251"
                          VPOS="2387"
                          HPOS="2748">information</String>
                  <SP WIDTH="39" VPOS="2398" HPOS="3000"> </SP>
                  <String WC="0.70999997854232788"
                          CONTENT="can"
                          HEIGHT="23"
                          WIDTH="68"
                          VPOS="2397"
                          HPOS="3040">can</String>
                  <SP WIDTH="36" VPOS="2387" HPOS="3109"> </SP>
                  <String WC="0.38499999046325684"
                          CONTENT="be"
                          HEIGHT="33"
                          WIDTH="47"
                          VPOS="2387"
                          HPOS="3146">be</String>
                  <SP WIDTH="39" VPOS="2388" HPOS="3194"> </SP>
                  <String WC="0.68166667222976685"
                          CONTENT="found."
                          HEIGHT="37"
                          WIDTH="131"
                          VPOS="2385"
                          HPOS="3234">found.</String>
                  <SP WIDTH="60" VPOS="2387" HPOS="3366"> </SP>
                  <String WC="0.47499999403953552"
                          CONTENT="In"
                          HEIGHT="32"
                          WIDTH="46"
                          VPOS="2387"
                          HPOS="3427">In</String>
                  <SP WIDTH="38" VPOS="2389" HPOS="3474"> </SP>
                  <String WC="0.64200001955032349"
                          CONTENT="these"
                          HEIGHT="34"
                          WIDTH="107"
                          VPOS="2387"
                          HPOS="3513">these</String>
               </TextLine>
               <TextLine HEIGHT="62" WIDTH="1589" VPOS="2435" HPOS="2029">
                  <String WC="0.61444443464279175"
                          CONTENT="sketches,"
                          HEIGHT="45"
                          WIDTH="186"
                          VPOS="2447"
                          HPOS="2029">sketches,</String>
                  <SP WIDTH="25" VPOS="2451" HPOS="2216"> </SP>
                  <String WC="0.5"
                          CONTENT="the"
                          HEIGHT="33"
                          WIDTH="64"
                          VPOS="2447"
                          HPOS="2241">the</String>
                  <SP WIDTH="29" VPOS="2448" HPOS="2305"> </SP>
                  <String WC="0.99500000476837158"
                          CONTENT="date"
                          HEIGHT="33"
                          WIDTH="89"
                          VPOS="2449"
                          HPOS="2334">date</String>
                  <SP WIDTH="26" VPOS="2458" HPOS="2424"> </SP>
                  <String WC="0.56000000238418579"
                          CONTENT="of"
                          HEIGHT="33"
                          WIDTH="42"
                          VPOS="2447"
                          HPOS="2450">of</String>
                  <SP WIDTH="25" VPOS="2447" HPOS="2492"> </SP>
                  <String WC="0.60333335399627686"
                          CONTENT="the"
                          HEIGHT="32"
                          WIDTH="64"
                          VPOS="2447"
                          HPOS="2517">the</String>
                  <SP WIDTH="27" VPOS="2446" HPOS="2581"> </SP>
                  <String WC="0.64999997615814209"
                          CONTENT="birth"
                          HEIGHT="34"
                          WIDTH="105"
                          VPOS="2445"
                          HPOS="2608">birth</String>
                  <SP WIDTH="28" VPOS="2447" HPOS="2713"> </SP>
                  <String WC="0.75333333015441895"
                          CONTENT="and"
                          HEIGHT="35"
                          WIDTH="75"
                          VPOS="2446"
                          HPOS="2741">and</String>
                  <SP WIDTH="28" VPOS="2446" HPOS="2816"> </SP>
                  <String WC="0.73000001907348633"
                          CONTENT="death"
                          HEIGHT="34"
                          WIDTH="115"
                          VPOS="2445"
                          HPOS="2844">death</String>
                  <SP WIDTH="28" VPOS="2446" HPOS="2959"> </SP>
                  <String WC="0.65499997138977051"
                          CONTENT="of"
                          HEIGHT="33"
                          WIDTH="42"
                          VPOS="2444"
                          HPOS="2987">of</String>
                  <SP WIDTH="26" VPOS="2443" HPOS="3029"> </SP>
                  <String WC="0.73666667938232422"
                          CONTENT="the"
                          HEIGHT="32"
                          WIDTH="64"
                          VPOS="2444"
                          HPOS="3055">the</String>
                  <SP WIDTH="26" VPOS="2454" HPOS="3120"> </SP>
                  <String WC="0.75142854452133179"
                          CONTENT="authors"
                          HEIGHT="34"
                          WIDTH="157"
                          VPOS="2443"
                          HPOS="3146">authors</String>
                  <SP WIDTH="27" VPOS="2444" HPOS="3303"> </SP>
                  <String WC="0.74000000953674316"
                          CONTENT="is"
                          HEIGHT="34"
                          WIDTH="33"
                          VPOS="2442"
                          HPOS="3330">is</String>
                  <SP WIDTH="26" VPOS="2453" HPOS="3364"> </SP>
                  <String WC="0.9283333420753479"
                          CONTENT="stated"
                          HEIGHT="34"
                          WIDTH="128"
                          VPOS="2443"
                          HPOS="3390">stated</String>
                  <SP WIDTH="25" VPOS="2444" HPOS="3518"> </SP>
                  <String WC="0.81999999284744263"
                          CONTENT="and"
                          HEIGHT="32"
                          WIDTH="75"
                          VPOS="2444"
                          HPOS="3543">and</String>
               </TextLine>
               <TextLine HEIGHT="63" WIDTH="1589" VPOS="2492" HPOS="2030">
                  <String WC="0.80800002813339233"
                          CONTENT="other"
                          HEIGHT="35"
                          WIDTH="106"
                          VPOS="2505"
                          HPOS="2030">other</String>
                  <SP WIDTH="33" VPOS="2516" HPOS="2137"> </SP>
                  <String WC="0.74846154451370239"
                          CONTENT="circumstances"
                          HEIGHT="36"
                          WIDTH="292"
                          VPOS="2504"
                          HPOS="2171">circumstances</String>
                  <SP WIDTH="33" VPOS="2513" HPOS="2464"> </SP>
                  <String WC="0.87999999523162842"
                          CONTENT="about"
                          HEIGHT="33"
                          WIDTH="116"
                          VPOS="2503"
                          HPOS="2498">about</String>
                  <SP WIDTH="30" VPOS="2505" HPOS="2615"> </SP>
                  <String WC="0.74500000476837158"
                          CONTENT="them"
                          HEIGHT="34"
                          WIDTH="103"
                          VPOS="2502"
                          HPOS="2646">them</String>
                  <SP WIDTH="31" VPOS="2511" HPOS="2750"> </SP>
                  <String WC="0.78600001335144043"
                          CONTENT="where"
                          HEIGHT="34"
                          WIDTH="123"
                          VPOS="2501"
                          HPOS="2782">where</String>
                  <SP WIDTH="32" VPOS="2503" HPOS="2906"> </SP>
                  <String WC="0.70333331823348999"
                          CONTENT="known."
                          HEIGHT="32"
                          WIDTH="149"
                          VPOS="2502"
                          HPOS="2939">known.</String>
                  <SP WIDTH="55" VPOS="2500" HPOS="3089"> </SP>
                  <String WC="0.82249999046325684"
                          CONTENT="Many"
                          HEIGHT="42"
                          WIDTH="119"
                          VPOS="2500"
                          HPOS="3145">Many</String>
                  <SP WIDTH="33" VPOS="2511" HPOS="3265"> </SP>
                  <String WC="0.81499999761581421"
                          CONTENT="of"
                          HEIGHT="33"
                          WIDTH="40"
                          VPOS="2500"
                          HPOS="3299">of</String>
                  <SP WIDTH="32" VPOS="2499" HPOS="3340"> </SP>
                  <String WC="0.67250001430511475"
                          CONTENT="them"
                          HEIGHT="33"
                          WIDTH="103"
                          VPOS="2500"
                          HPOS="3373">them</String>
                  <SP WIDTH="31" VPOS="2510" HPOS="3477"> </SP>
                  <String WC="1."
                          CONTENT="make"
                          HEIGHT="34"
                          WIDTH="110"
                          VPOS="2499"
                          HPOS="3509">make</String>
               </TextLine>
               <TextLine HEIGHT="65" WIDTH="1589" VPOS="2547" HPOS="2031">
                  <String WC="0.77454543113708496"
                          CONTENT="interesting"
                          HEIGHT="49"
                          WIDTH="227"
                          VPOS="2558"
                          HPOS="2031">interesting</String>
                  <SP WIDTH="32" VPOS="2571" HPOS="2259"> </SP>
                  <String WC="0.74857145547866821"
                          CONTENT="reading"
                          HEIGHT="42"
                          WIDTH="158"
                          VPOS="2560"
                          HPOS="2292">reading</String>
                  <SP WIDTH="34" VPOS="2569" HPOS="2451"> </SP>
                  <String WC="0.93333333730697632"
                          CONTENT="and"
                          HEIGHT="32"
                          WIDTH="73"
                          VPOS="2559"
                          HPOS="2486">and</String>
                  <SP WIDTH="35" VPOS="2559" HPOS="2560"> </SP>
                  <String WC="0.75999999046325684"
                          CONTENT="will"
                          HEIGHT="34"
                          WIDTH="77"
                          VPOS="2558"
                          HPOS="2596">will</String>
                  <SP WIDTH="35" VPOS="2559" HPOS="2674"> </SP>
                  <String WC="1."
                          CONTENT="give"
                          HEIGHT="44"
                          WIDTH="86"
                          VPOS="2557"
                          HPOS="2710">give</String>
                  <SP WIDTH="34" VPOS="2567" HPOS="2797"> </SP>
                  <String WC="0.75"
                          CONTENT="an"
                          HEIGHT="22"
                          WIDTH="48"
                          VPOS="2567"
                          HPOS="2832">an</String>
                  <SP WIDTH="33" VPOS="2557" HPOS="2881"> </SP>
                  <String WC="0.72571426630020142"
                          CONTENT="insight"
                          HEIGHT="43"
                          WIDTH="144"
                          VPOS="2556"
                          HPOS="2915">insight</String>
                  <SP WIDTH="34" VPOS="2555" HPOS="3060"> </SP>
                  <String WC="0.87000000476837158"
                          CONTENT="into"
                          HEIGHT="34"
                          WIDTH="80"
                          VPOS="2555"
                          HPOS="3095">into</String>
                  <SP WIDTH="36" VPOS="2558" HPOS="3176"> </SP>
                  <String WC="0.74000000953674316"
                          CONTENT="the"
                          HEIGHT="32"
                          WIDTH="63"
                          VPOS="2557"
                          HPOS="3213">the</String>
                  <SP WIDTH="35" VPOS="2566" HPOS="3277"> </SP>
                  <String WC="0.59555554389953613"
                          CONTENT="character"
                          HEIGHT="34"
                          WIDTH="197"
                          VPOS="2556"
                          HPOS="3313">character</String>
                  <SP WIDTH="32" VPOS="2565" HPOS="3511"> </SP>
                  <String WC="0.81000000238418579"
                          CONTENT="and"
                          HEIGHT="34"
                          WIDTH="76"
                          VPOS="2555"
                          HPOS="3544">and</String>
               </TextLine>
               <TextLine HEIGHT="66" WIDTH="1591" VPOS="2603" HPOS="2029">
                  <String WC="0.8162500262260437"
                          CONTENT="standing"
                          HEIGHT="47"
                          WIDTH="181"
                          VPOS="2616"
                          HPOS="2029">standing</String>
                  <SP WIDTH="25" VPOS="2626" HPOS="2211"> </SP>
                  <String WC="0.68999999761581421"
                          CONTENT="of"
                          HEIGHT="34"
                          WIDTH="41"
                          VPOS="2615"
                          HPOS="2237">of</String>
                  <SP WIDTH="25" VPOS="2615" HPOS="2279"> </SP>
                  <String WC="0.52999997138977051"
                          CONTENT="the"
                          HEIGHT="33"
                          WIDTH="64"
                          VPOS="2616"
                          HPOS="2305">the</String>
                  <SP WIDTH="25" VPOS="2626" HPOS="2370"> </SP>
                  <String WC="0.55624997615814209"
                          CONTENT="authors."
                          HEIGHT="34"
                          WIDTH="166"
                          VPOS="2615"
                          HPOS="2396">authors.</String>
                  <SP WIDTH="51" VPOS="2615" HPOS="2563"> </SP>
                  <String WC="0.77999997138977051"
                          CONTENT="This"
                          HEIGHT="33"
                          WIDTH="89"
                          VPOS="2615"
                          HPOS="2615">This</String>
                  <SP WIDTH="24" VPOS="2615" HPOS="2705"> </SP>
                  <String WC="0.55666667222976685"
                          CONTENT="has"
                          HEIGHT="35"
                          WIDTH="69"
                          VPOS="2613"
                          HPOS="2730">has</String>
                  <SP WIDTH="24" VPOS="2613" HPOS="2800"> </SP>
                  <String WC="0.55500000715255737"
                          CONTENT="been"
                          HEIGHT="35"
                          WIDTH="96"
                          VPOS="2612"
                          HPOS="2825">been</String>
                  <SP WIDTH="24" VPOS="2623" HPOS="2922"> </SP>
                  <String WC="1."
                          CONTENT="a"
                          HEIGHT="23"
                          WIDTH="22"
                          VPOS="2623"
                          HPOS="2947">a</String>
                  <SP WIDTH="24" VPOS="2623" HPOS="2970"> </SP>
                  <String WC="0.84249997138977051"
                          CONTENT="very"
                          HEIGHT="34"
                          WIDTH="95"
                          VPOS="2622"
                          HPOS="2995">very</String>
                  <SP WIDTH="25" VPOS="2613" HPOS="3091"> </SP>
                  <String WC="0.57899999618530273"
                          CONTENT="difficult,"
                          HEIGHT="43"
                          WIDTH="170"
                          VPOS="2611"
                          HPOS="3117">difficult,</String>
                  <SP WIDTH="26" VPOS="2614" HPOS="3288"> </SP>
                  <String WC="0.89625000953674316"
                          CONTENT="tiresome"
                          HEIGHT="37"
                          WIDTH="177"
                          VPOS="2609"
                          HPOS="3315">tiresome</String>
                  <SP WIDTH="25" VPOS="2614" HPOS="3493"> </SP>
                  <String WC="0.82200002670288086"
                          CONTENT="task,"
                          HEIGHT="43"
                          WIDTH="101"
                          VPOS="2611"
                          HPOS="3519">task,</String>
               </TextLine>
               <TextLine HEIGHT="66" WIDTH="1591" VPOS="2660" HPOS="2029">
                  <String WC="0.37000000476837158"
                          CONTENT="for"
                          HEIGHT="36"
                          WIDTH="61"
                          VPOS="2673"
                          HPOS="2029">for</String>
                  <SP WIDTH="30" VPOS="2677" HPOS="2091"> </SP>
                  <String WC="0.76666665077209473"
                          CONTENT="the"
                          HEIGHT="34"
                          WIDTH="64"
                          VPOS="2674"
                          HPOS="2122">the</String>
                  <SP WIDTH="29" VPOS="2683" HPOS="2187"> </SP>
                  <String WC="0.84833335876464844"
                          CONTENT="reason"
                          HEIGHT="26"
                          WIDTH="134"
                          VPOS="2682"
                          HPOS="2217">reason</String>
                  <SP WIDTH="29" VPOS="2675" HPOS="2352"> </SP>
                  <String WC="0.69499999284744263"
                          CONTENT="that"
                          HEIGHT="34"
                          WIDTH="86"
                          VPOS="2673"
                          HPOS="2382">that</String>
                  <SP WIDTH="28" VPOS="2672" HPOS="2469"> </SP>
                  <String WC="0.51999998092651367"
                          CONTENT="in"
                          HEIGHT="31"
                          WIDTH="41"
                          VPOS="2672"
                          HPOS="2498">in</String>
                  <SP WIDTH="26" VPOS="2682" HPOS="2540"> </SP>
                  <String WC="0.86250001192092896"
                          CONTENT="many"
                          HEIGHT="34"
                          WIDTH="115"
                          VPOS="2681"
                          HPOS="2567">many</String>
                  <SP WIDTH="30" VPOS="2682" HPOS="2683"> </SP>
                  <String WC="0.64499998092651367"
                          CONTENT="of"
                          HEIGHT="33"
                          WIDTH="41"
                          VPOS="2671"
                          HPOS="2714">of</String>
                  <SP WIDTH="29" VPOS="2670" HPOS="2756"> </SP>
                  <String WC="0.65666669607162476"
                          CONTENT="the"
                          HEIGHT="32"
                          WIDTH="64"
                          VPOS="2670"
                          HPOS="2786">the</String>
                  <SP WIDTH="29" VPOS="2671" HPOS="2851"> </SP>
                  <String WC="0.62999999523162842"
                          CONTENT="hymn"
                          HEIGHT="42"
                          WIDTH="116"
                          VPOS="2670"
                          HPOS="2881">hymn</String>
                  <SP WIDTH="29" VPOS="2680" HPOS="2998"> </SP>
                  <String WC="0.77666664123535156"
                          CONTENT="and"
                          HEIGHT="33"
                          WIDTH="75"
                          VPOS="2670"
                          HPOS="3028">and</String>
                  <SP WIDTH="31" VPOS="2670" HPOS="3104"> </SP>
                  <String WC="0.64249998331069946"
                          CONTENT="tune"
                          HEIGHT="31"
                          WIDTH="90"
                          VPOS="2671"
                          HPOS="3136">tune</String>
                  <SP WIDTH="29" VPOS="2670" HPOS="3227"> </SP>
                  <String WC="0.84600001573562622"
                          CONTENT="books"
                          HEIGHT="36"
                          WIDTH="119"
                          VPOS="2667"
                          HPOS="3257">books</String>
                  <SP WIDTH="29" VPOS="2678" HPOS="3377"> </SP>
                  <String WC="0.69300001859664917"
                          CONTENT="published,"
                          HEIGHT="47"
                          WIDTH="213"
                          VPOS="2666"
                          HPOS="3407">published,</String>
               </TextLine>
               <TextLine HEIGHT="65" WIDTH="1592" VPOS="2717" HPOS="2028">
                  <String WC="0.76999998092651367"
                          CONTENT="there"
                          HEIGHT="35"
                          WIDTH="107"
                          VPOS="2731"
                          HPOS="2028">there</String>
                  <SP WIDTH="29" VPOS="2741" HPOS="2136"> </SP>
                  <String WC="0.8933333158493042"
                          CONTENT="appear"
                          HEIGHT="35"
                          WIDTH="141"
                          VPOS="2739"
                          HPOS="2166">appear</String>
                  <SP WIDTH="29" VPOS="2739" HPOS="2308"> </SP>
                  <String WC="0.70399999618530273"
                          CONTENT="quite"
                          HEIGHT="44"
                          WIDTH="104"
                          VPOS="2729"
                          HPOS="2337">quite</String>
                  <SP WIDTH="30" VPOS="2739" HPOS="2442"> </SP>
                  <String WC="1."
                          CONTENT="a"
                          HEIGHT="24"
                          WIDTH="23"
                          VPOS="2738"
                          HPOS="2473">a</String>
                  <SP WIDTH="27" VPOS="2738" HPOS="2497"> </SP>
                  <String WC="0.53333336114883423"
                          CONTENT="number"
                          HEIGHT="34"
                          WIDTH="158"
                          VPOS="2728"
                          HPOS="2524">number</String>
                  <SP WIDTH="28" VPOS="2738" HPOS="2683"> </SP>
                  <String WC="0.66500002145767212"
                          CONTENT="of"
                          HEIGHT="33"
                          WIDTH="42"
                          VPOS="2727"
                          HPOS="2711">of</String>
                  <SP WIDTH="28" VPOS="2725" HPOS="2753"> </SP>
                  <String WC="0.80750000476837158"
                          CONTENT="mistakes"
                          HEIGHT="36"
                          WIDTH="185"
                          VPOS="2725"
                          HPOS="2781">mistakes</String>
                  <SP WIDTH="28" VPOS="2726" HPOS="2966"> </SP>
                  <String WC="0.40000000596046448"
                          CONTENT="in"
                          HEIGHT="31"
                          WIDTH="41"
                          VPOS="2727"
                          HPOS="2994">in</String>
                  <SP WIDTH="28" VPOS="2735" HPOS="3036"> </SP>
                  <String WC="0.80000001192092896"
                          CONTENT="regard"
                          HEIGHT="44"
                          WIDTH="138"
                          VPOS="2724"
                          HPOS="3064">regard</String>
                  <SP WIDTH="28" VPOS="2726" HPOS="3202"> </SP>
                  <String WC="0.87999999523162842"
                          CONTENT="to"
                          HEIGHT="31"
                          WIDTH="40"
                          VPOS="2727"
                          HPOS="3230">to</String>
                  <SP WIDTH="29" VPOS="2727" HPOS="3270"> </SP>
                  <String WC="0.56666666269302368"
                          CONTENT="the"
                          HEIGHT="35"
                          WIDTH="65"
                          VPOS="2724"
                          HPOS="3299">the</String>
                  <SP WIDTH="30" VPOS="2734" HPOS="3365"> </SP>
                  <String WC="0.75199997425079346"
                          CONTENT="authorship"
                          HEIGHT="46"
                          WIDTH="225"
                          VPOS="2722"
                          HPOS="3395">authorship</String>
               </TextLine>
               <TextLine HEIGHT="66" WIDTH="1589" VPOS="2773" HPOS="2030">
                  <String WC="0.77499997615814209"
                          CONTENT="of"
                          HEIGHT="34"
                          WIDTH="41"
                          VPOS="2788"
                          HPOS="2030">of</String>
                  <SP WIDTH="21" VPOS="2788" HPOS="2072"> </SP>
                  <String WC="0.68199998140335083"
                          CONTENT="music"
                          HEIGHT="36"
                          WIDTH="119"
                          VPOS="2786"
                          HPOS="2094">music</String>
                  <SP WIDTH="24" VPOS="2796" HPOS="2214"> </SP>
                  <String WC="0.75"
                          CONTENT="and"
                          HEIGHT="34"
                          WIDTH="75"
                          VPOS="2786"
                          HPOS="2239">and</String>
                  <SP WIDTH="21" VPOS="2786" HPOS="2315"> </SP>
                  <String WC="0.58833330869674683"
                          CONTENT="hymns,"
                          HEIGHT="44"
                          WIDTH="146"
                          VPOS="2786"
                          HPOS="2337">hymns,</String>
                  <SP WIDTH="24" VPOS="2794" HPOS="2484"> </SP>
                  <String WC="0.74000000953674316"
                          CONTENT="as"
                          HEIGHT="23"
                          WIDTH="42"
                          VPOS="2794"
                          HPOS="2509">as</String>
                  <SP WIDTH="22" VPOS="2795" HPOS="2552"> </SP>
                  <String WC="0.77499997615814209"
                          CONTENT="well"
                          HEIGHT="34"
                          WIDTH="85"
                          VPOS="2784"
                          HPOS="2575">well</String>
                  <SP WIDTH="22" VPOS="2785" HPOS="2661"> </SP>
                  <String WC="0.6600000262260437"
                          CONTENT="as"
                          HEIGHT="24"
                          WIDTH="42"
                          VPOS="2794"
                          HPOS="2684">as</String>
                  <SP WIDTH="24" VPOS="2785" HPOS="2727"> </SP>
                  <String WC="0.74400001764297485"
                          CONTENT="dates"
                          HEIGHT="36"
                          WIDTH="107"
                          VPOS="2782"
                          HPOS="2752">dates</String>
                  <SP WIDTH="26" VPOS="2792" HPOS="2860"> </SP>
                  <String WC="0.3449999988079071"
                          CONTENT="of"
                          HEIGHT="35"
                          WIDTH="41"
                          VPOS="2782"
                          HPOS="2887">of</String>
                  <SP WIDTH="22" VPOS="2783" HPOS="2929"> </SP>
                  <String WC="0.62166666984558105"
                          CONTENT="births"
                          HEIGHT="34"
                          WIDTH="125"
                          VPOS="2782"
                          HPOS="2952">births</String>
                  <SP WIDTH="24" VPOS="2792" HPOS="3078"> </SP>
                  <String WC="0.75333333015441895"
                          CONTENT="and"
                          HEIGHT="33"
                          WIDTH="74"
                          VPOS="2782"
                          HPOS="3103">and</String>
                  <SP WIDTH="26" VPOS="2783" HPOS="3178"> </SP>
                  <String WC="0.75285714864730835"
                          CONTENT="deaths."
                          HEIGHT="34"
                          WIDTH="143"
                          VPOS="2781"
                          HPOS="3205">deaths.</String>
                  <SP WIDTH="51" VPOS="2782" HPOS="3349"> </SP>
                  <String WC="0.58666664361953735"
                          CONTENT="The"
                          HEIGHT="33"
                          WIDTH="77"
                          VPOS="2781"
                          HPOS="3401">The</String>
                  <SP WIDTH="25" VPOS="2781" HPOS="3479"> </SP>
                  <String WC="0.49399998784065247"
                          CONTENT="infor"
                          HEIGHT="34"
                          WIDTH="101"
                          VPOS="2780"
                          HPOS="3505"
                          SUBS_TYPE="HypPart1"
                          SUBS_CONTENT="information">infor</String>
                  <HYP CONTENT="­"/>
               </TextLine>
               <TextLine HEIGHT="67" WIDTH="1591" VPOS="2829" HPOS="2029">
                  <String WC="0.82499998807907104"
                          CONTENT="mation"
                          HEIGHT="37"
                          WIDTH="145"
                          VPOS="2844"
                          HPOS="2029"
                          SUBS_TYPE="HypPart2"
                          SUBS_CONTENT="information">mation</String>
                  <SP WIDTH="28" VPOS="2843" HPOS="2175"> </SP>
                  <String WC="0.5183333158493042"
                          CONTENT="herein"
                          HEIGHT="35"
                          WIDTH="131"
                          VPOS="2842"
                          HPOS="2204">herein</String>
                  <SP WIDTH="30" VPOS="2853" HPOS="2336"> </SP>
                  <String WC="0.62444442510604858"
                          CONTENT="contained"
                          HEIGHT="36"
                          WIDTH="203"
                          VPOS="2840"
                          HPOS="2367">contained</String>
                  <SP WIDTH="30" VPOS="2841" HPOS="2571"> </SP>
                  <String WC="0.63333332538604736"
                          CONTENT="can"
                          HEIGHT="24"
                          WIDTH="69"
                          VPOS="2850"
                          HPOS="2602">can</String>
                  <SP WIDTH="28" VPOS="2841" HPOS="2672"> </SP>
                  <String WC="0.37000000476837158"
                          CONTENT="be"
                          HEIGHT="34"
                          WIDTH="47"
                          VPOS="2840"
                          HPOS="2701">be</String>
                  <SP WIDTH="30" VPOS="2849" HPOS="2749"> </SP>
                  <String WC="0.85833334922790527"
                          CONTENT="relied"
                          HEIGHT="35"
                          WIDTH="119"
                          VPOS="2839"
                          HPOS="2780">relied</String>
                  <SP WIDTH="29" VPOS="2839" HPOS="2900"> </SP>
                  <String WC="0.51999998092651367"
                          CONTENT="on"
                          HEIGHT="22"
                          WIDTH="46"
                          VPOS="2850"
                          HPOS="2930">on</String>
                  <SP WIDTH="30" VPOS="2849" HPOS="2977"> </SP>
                  <String WC="0.74000000953674316"
                          CONTENT="as"
                          HEIGHT="23"
                          WIDTH="41"
                          VPOS="2849"
                          HPOS="3008">as</String>
                  <SP WIDTH="29" VPOS="2839" HPOS="3050"> </SP>
                  <String WC="0.73199999332427979"
                          CONTENT="being"
                          HEIGHT="44"
                          WIDTH="116"
                          VPOS="2838"
                          HPOS="3080">being</String>
                  <SP WIDTH="29" VPOS="2849" HPOS="3197"> </SP>
                  <String WC="0.70875000953674316"
                          CONTENT="correct,"
                          HEIGHT="42"
                          WIDTH="155"
                          VPOS="2840"
                          HPOS="3227">correct,</String>
                  <SP WIDTH="32" VPOS="2847" HPOS="3383"> </SP>
                  <String WC="0.8033333420753479"
                          CONTENT="except"
                          HEIGHT="40"
                          WIDTH="133"
                          VPOS="2840"
                          HPOS="3416">except</String>
                  <SP WIDTH="29" VPOS="2837" HPOS="3550"> </SP>
                  <String WC="0.49000000953674316"
                          CONTENT="in"
                          HEIGHT="32"
                          WIDTH="40"
                          VPOS="2838"
                          HPOS="3580">in</String>
               </TextLine>
               <TextLine HEIGHT="67" WIDTH="1591" VPOS="2885" HPOS="2029">
                  <String WC="1."
                          CONTENT="a"
                          HEIGHT="23"
                          WIDTH="22"
                          VPOS="2913"
                          HPOS="2029">a</String>
                  <SP WIDTH="21" VPOS="2902" HPOS="2052"> </SP>
                  <String WC="0.63333332538604736"
                          CONTENT="few"
                          HEIGHT="35"
                          WIDTH="77"
                          VPOS="2901"
                          HPOS="2074">few</String>
                  <SP WIDTH="23" VPOS="2912" HPOS="2152"> </SP>
                  <String WC="0.62000000476837158"
                          CONTENT="cases."
                          HEIGHT="27"
                          WIDTH="115"
                          VPOS="2909"
                          HPOS="2176">cases.</String>
                  <SP WIDTH="45" VPOS="2899" HPOS="2292"> </SP>
                  <String WC="0.43000000715255737"
                          CONTENT="We"
                          HEIGHT="32"
                          WIDTH="67"
                          VPOS="2900"
                          HPOS="2338">We</String>
                  <SP WIDTH="22" VPOS="2900" HPOS="2406"> </SP>
                  <String WC="0.75249999761581421"
                          CONTENT="have"
                          HEIGHT="32"
                          WIDTH="97"
                          VPOS="2900"
                          HPOS="2429">have</String>
                  <SP WIDTH="21" VPOS="2908" HPOS="2527"> </SP>
                  <String WC="0.73750001192092896"
                          CONTENT="also"
                          HEIGHT="35"
                          WIDTH="78"
                          VPOS="2897"
                          HPOS="2549">also</String>
                  <SP WIDTH="23" VPOS="2909" HPOS="2628"> </SP>
                  <String WC="0.73833334445953369"
                          CONTENT="stated"
                          HEIGHT="36"
                          WIDTH="128"
                          VPOS="2897"
                          HPOS="2652">stated</String>
                  <SP WIDTH="20" VPOS="2896" HPOS="2781"> </SP>
                  <String WC="0.62999999523162842"
                          CONTENT="where"
                          HEIGHT="34"
                          WIDTH="124"
                          VPOS="2896"
                          HPOS="2802">where</String>
                  <SP WIDTH="22" VPOS="2907" HPOS="2927"> </SP>
                  <String WC="0.76999998092651367"
                          CONTENT="and"
                          HEIGHT="31"
                          WIDTH="74"
                          VPOS="2898"
                          HPOS="2950">and</String>
                  <SP WIDTH="20" VPOS="2898" HPOS="3025"> </SP>
                  <String WC="0.6600000262260437"
                          CONTENT="when"
                          HEIGHT="33"
                          WIDTH="109"
                          VPOS="2896"
                          HPOS="3046">when</String>
                  <SP WIDTH="21" VPOS="2905" HPOS="3156"> </SP>
                  <String WC="0.81499999761581421"
                          CONTENT="many"
                          HEIGHT="33"
                          WIDTH="115"
                          VPOS="2905"
                          HPOS="3178">many</String>
                  <SP WIDTH="21" VPOS="2905" HPOS="3294"> </SP>
                  <String WC="0.57499998807907104"
                          CONTENT="of"
                          HEIGHT="29"
                          WIDTH="45"
                          VPOS="2898"
                          HPOS="3316">of</String>
                  <SP WIDTH="17" VPOS="2897" HPOS="3362"> </SP>
                  <String WC="0.69999998807907104"
                          CONTENT="these"
                          HEIGHT="34"
                          WIDTH="107"
                          VPOS="2894"
                          HPOS="3380">these</String>
                  <SP WIDTH="20" VPOS="2897" HPOS="3488"> </SP>
                  <String WC="0.57400000095367432"
                          CONTENT="tunes"
                          HEIGHT="32"
                          WIDTH="111"
                          VPOS="2897"
                          HPOS="3509">tunes</String>
               </TextLine>
            </TextBlock>
         </PrintSpace>
      </Page>
   </Layout>
</alto>
