4011 3402
1385 321 268 55 SWEET
1688 323 312 53 CANAAN.
2075 326 68 48 8s
2178 327 52 48 &
2267 336 86 57 9s.

993 409 43 26 “I
1048 407 68 28 will
1129 408 72 35 give
1213 413 80 23 unto
1305 418 64 26 you
1382 412 33 25 to
1427 417 128 27 possess
1567 411 35 33 it,
1616 420 20 19 a
1648 412 78 27 land
1737 413 72 27 that
1822 413 130 28 floweth
1966 413 79 28 with
2055 413 84 27 milk
2151 413 64 27 and
2228 409 260 44 honey.”—Eev.
2502 416 44 28 20:
2563 416 43 28 24.

208 462 99 35 Rev.
326 462 116 41 John
465 463 206 42 Moffitt,
688 464 99 34 1829.
836 465 86 41 Key
938 463 42 37 of
1002 465 32 34 F
1057 465 139 46 Major.

3413 330 73 61 87

2823 473 105 39 Rev.
2940 476 113 43 John
3075 477 202 41 Moffitt,
3295 476 100 34 1829.

322 755 28 24 1.

395 724 15 35 f
437 721 38 36 o

387 753 18 50 1
425 765 63 37 I’m

579 723 84 35 who
710 724 71 34 will
799 733 99 26 come
953 725 71 38 and
1086 737 46 32 go
1178 726 89 35 with
1310 738 54 23 me
1376 728 13 34 ?

567 766 121 36 bound
706 768 69 35 fair
820 767 62 37 Ca
894 787 12 5 -
920 769 132 40 naan’s
1068 770 85 36 land
1198 773 37 34 to
1312 782 74 32 see,

1468 727 10 34 I
1542 739 57 25 am
1625 728 119 37 bound
1782 730 55 34 for
1868 730 62 36 the
1993 729 82 36 land
2131 730 37 35 of

1468 771 12 35 I
1539 783 60 26 am
1624 772 121 37 bound
1781 774 57 35 for
1867 775 64 35 the
1992 773 84 36 land
2130 774 38 35 of

2275 727 60 42 Ca
2366 749 14 6 -
2404 741 105 34 naan;
2526 734 14 32 1
2582 753 38 35 q
2729 752 35 41 Q
2768 766 21 26 a
2807 774 12 6 -
2838 766 108 33 naan,
2964 758 114 35 sweet
3160 755 61 40 Ca
3234 776 12 7 -
3265 766 109 35 naan,
3395 757 64 36 I’m

2274 772 62 42 Ca
2367 793 14 6 -
2404 786 106 26 naan.
2525 777 24 39 J

387 1276 83 39 fl’ll
576 1277 74 43 join
690 1277 89 35 with
798 1276 106 37 those
920 1275 138 39 who’re
1075 1286 94 33 gone
1187 1275 42 36 be
1255 1295 11 6 -
1291 1277 89 42 fore,

389 1323 14 36 I
417 1320 136 39 Where
586 1322 55 34 sin
705 1321 72 36 and
817 1330 60 26 sor
901 1339 12 7 -
930 1329 76 29 row
1062 1331 58 25 are
1183 1331 46 25 no
1293 1330 109 34 more,

1213 1369 13 11 y
1239 1371 35 14 —Zj
1281 1366 25 22 r.«

1460 1276 10 34 I
1533 1287 56 25 am
1618 1276 121 37 bound
1776 1278 55 34 for
1862 1277 62 36 the
1986 1277 83 36 land
2124 1279 37 35 of

1460 1320 11 35 I
1533 1332 59 25 am
1617 1320 122 37 bound
1777 1322 56 34 for
1863 1322 62 35 the
1987 1322 85 37 land
2127 1323 37 35 of

2267 1276 61 41 Ca
2362 1297 12 8 -
2399 1290 106 34 naan;
2522 1284 14 31 1
2579 1302 38 34 q

2270 1321 61 41 Ca
2361 1342 14 6 -
2399 1335 107 25 naan,
2523 1335 13 31 j

2725 1302 60 42 Ca
2804 1324 11 7 -
2834 1315 110 35 naan,
2962 1308 114 35 sweet

3160 1305 61 40 Ca
3234 1326 12 6 -
3265 1318 109 34 naan,
3396 1309 62 35 I’m

235 1865 121 35 bound
388 1865 56 35 for
504 1865 63 36 the
629 1865 84 35 land
775 1864 37 36 of

903 1863 61 37 Ca
997 1884 15 7 -
1037 1873 109 35 naan,
1165 1862 121 38 Sweet
1334 1863 60 38 Ca
1412 1882 11 7 ■
1441 1874 110 33 naan,
1616 1863 59 37 ’tis
1739 1874 61 33 my

1890 1865 72 42 hap
1988 1885 11 7 -
2024 1876 50 32 py
2135 1866 118 44 home;
2322 1866 11 35 I
2380 1878 58 24 am
2473 1867 121 37 bound
2633 1869 56 35 for
2748 1869 62 38 the
2852 1870 83 36 land
3011 1871 37 34 of

3154 1871 61 38 Ca
3240 1891 11 6 -
3278 1883 106 25 naan.

233 2374 120 37 bound
385 2375 56 35 for
500 2374 64 36 the
626 2374 84 35 land
771 2374 38 35 of

897 2372 64 39 Ca
994 2392 12 7 -
1032 2384 108 33 naan,
1160 2373 122 38 Sweet
1329 2373 61 37 Ca
1408 2392 12 7 -
1438 2384 109 33 naan,
1615 2373 59 37 ’tis
1738 2384 61 33 my

1889 2375 72 43 hap
1987 2394 11 6 -
2024 2386 49 32 py
2134 2375 120 45 home;
2320 2375 11 35 I
2378 2387 59 24 am
2470 2376 122 37 bound
2630 2378 56 35 for
2746 2379 63 35 the
2849 2378 83 37 land
3009 2380 38 34 of

3153 2380 63 38 Ca
3241 2399 10 7 -
3277 2392 109 26 naan.

189 2635 77 39 The
291 2638 151 43 original
469 2648 105 25 name
598 2638 37 34 of
659 2638 75 35 this
752 2647 92 33 song
862 2646 78 26 was
960 2635 23 17 “
997 2635 38 37 O
1056 2634 170 44 Canaan,
1248 2636 129 42 Bright
1398 2634 202 40 Canaan.”
1651 2633 97 37 John
1771 2635 149 44 Wesley
1936 2635 90 37 tried
2050 2638 37 33 to
2111 2636 140 44 change
2270 2638 27 35 it
2312 2637 71 34 and
2409 2637 139 42 applied
2574 2639 26 36 it
2622 2640 37 33 to
2678 2638 151 36 another
2846 2648 107 35 song,
2974 2637 24 18 “
3014 2641 93 35 How
3126 2640 132 45 Happy
3276 2642 30 35 is
3323 2643 63 35 the
3412 2643 52 36 Pil­

111 2678 113 48 grim’s
251 2682 109 36 Lot.”
413 2682 28 37 It
457 2682 120 36 would
604 2685 63 32 not
685 2682 42 35 be
744 2681 165 45 changed
933 2682 91 35 from
1042 2681 63 36 the
1122 2682 58 34 old
1197 2682 63 34 air.
1310 2681 86 37 One
1414 2681 36 34 of
1467 2680 62 35 the
1547 2680 58 35 old
1622 2689 126 26 verses
1765 2690 91 33 was,
1876 2679 26 17 “
1917 2680 28 35 If
1967 2690 72 34 you
2065 2683 61 39 get
2141 2682 100 35 there
2268 2681 119 36 before
2408 2682 8 33 I
2437 2682 58 42 do,
2518 2682 11 34 I
2547 2693 57 24 am
2625 2682 121 36 bound
2769 2684 55 34 for
2840 2684 63 35 the
2928 2684 82 35 land
3036 2685 37 34 of
3098 2684 179 46 Canaan;
3308 2686 85 36 look
3418 2690 64 34 out

110 2724 45 36 for
171 2735 66 36 me,
259 2727 11 35 I
288 2739 57 24 am
363 2727 157 43 coming,
538 2730 74 37 too,
634 2727 9 34 1
663 2738 57 24 am
747 2726 122 36 bound
893 2726 55 36 for
965 2725 62 37 the
1045 2725 83 36 land
1146 2727 37 33 of
1209 2723 200 40 Canaan.”
1460 2724 79 35 The
1557 2723 150 45 original
1725 2724 130 36 chorus
1873 2736 78 24 was
1971 2724 24 16 “
2010 2723 38 37 O
2066 2724 172 44 Canaan,
2258 2726 122 44 bright
2397 2725 201 37 Canaan.”
2659 2727 29 36 It
2704 2729 31 33 is
2752 2739 21 23 a
2796 2728 74 36 fact
2885 2728 81 36 that
2984 2729 35 34 in
3037 2730 62 35 the
3116 2730 99 43 early
3232 2731 93 43 days
3343 2732 37 34 of
3404 2733 76 36 this

110 2777 80 38 song
215 2780 112 35 many
343 2772 100 36 souls
460 2782 94 25 were
579 2771 87 35 born
693 2772 75 35 into
784 2771 63 36 the
872 2767 175 46 kingdom
1066 2771 37 34 of
1128 2769 84 36 God
1239 2770 48 43 by
1303 2771 62 35 the
1391 2769 117 37 sound
1533 2769 37 35 of
1593 2764 63 41 the
1672 2769 106 36 crude
1796 2770 190 36 woodland
2011 2779 125 33 songs.
2187 2764 122 44 About
2337 2772 83 41 1844
2437 2770 48 36 E.
2505 2771 30 38 J.
2557 2770 97 45 King
2680 2772 103 36 made
2807 2783 22 25 a
2852 2772 73 36 few
2941 2772 210 40 alterations
3168 2775 36 34 in
3224 2775 60 36 the
3300 2778 88 37 tune
3406 2776 74 39 and

110 2811 120 52 words,
247 2815 186 47 changing
452 2816 23 16 “
491 2815 129 47 Bright
637 2813 158 40 Canaan
810 2815 22 16 ”
850 2818 37 35 to
906 2813 25 19 “
945 2813 121 41 Sweet
1083 2813 204 39 Canaan.”
1345 2812 104 40 With
1467 2814 73 35 few
1557 2813 208 44 exceptions
1783 2814 61 36 the
1861 2817 88 32 tune
1967 2815 30 34 is
2014 2824 41 25 as
2075 2814 26 35 it
2117 2825 78 26 was
2213 2815 191 45 originally
2422 2817 155 37 written.

1500 2878 201 39 Copyright,
1715 2880 77 32 1909,
1808 2879 44 34 by
1861 2882 29 34 J.
1904 2881 32 27 S.
1946 2881 124 36 James,
