4004 3447
462 434 75 47 30
1795 418 462 60 ROCHESTER.
2329 421 60 49 C.
2430 422 81 48 M.

1313 499 94 26 •‘And
1420 499 79 35 they
1510 499 75 33 sing
1596 499 58 27 the
1665 506 76 27 song
1753 497 35 28 of
1802 500 106 26 Moses
1920 499 57 25 the
1989 500 130 25 servant
2132 496 34 28 of
2179 498 80 32 God,
2273 496 65 29 and
2350 499 57 25 the
2419 505 82 26 song
2512 497 35 27 of
2559 498 56 26 the
2628 501 15 23 I
2901 498 34 26 15
2946 507 7 18 :
2970 499 25 26 3.

550 538 119 30 ISAAC
693 532 160 44 WaTTS,
878 532 98 36 1707.
1028 535 84 41 Key
1137 532 41 36 of
1200 536 32 30 A
1257 532 136 46 Major.

632 773 29 26 i.
689 761 184 44 Come,let
919 773 43 24 us
1001 762 74 44 join
1093 770 64 29 our
1203 761 157 37 cheerful
1415 772 113 33 songs

1623 761 102 39 With
1745 772 45 26 an
1809 781 12 5 -
1839 762 76 43 gels
1932 762 116 34 round
2064 762 62 35 the
2143 762 139 44 throne;
2301 760 77 37 Ten
2392 761 184 37 thousand
2587 760 186 38 thousand
2790 772 58 24 are
2865 760 93 37 their
2985 762 170 41 tongues,
3199 759 71 38 But
3287 759 45 37 all
3364 759 93 36 their
3471 760 86 43 joys
3574 771 59 25 are
3688 771 80 26 one.

634 1027 32 24 2.
693 1011 190 48 “Worthy
897 1015 64 36 the
978 1014 116 36 Lamb
1107 1012 81 41 that
1197 1013 124 45 died,”
1332 1014 90 44 they
1438 1024 74 33 cry,

1577 1010 205 47 “Wor-thy
1812 1014 62 36 the

2176 1013 67 43 lips
2292 1024 35 24 re
2345 1031 12 7 -
2373 1013 75 43 ply,
2463 1012 114 36 Heav’
2587 1023 22 24 n
2627 1012 71 36 and
2731 1013 99 34 earth
2845 1011 93 36 shall
2950 1022 86 32 pass
3048 1022 135 33 a-way:
3199 1010 99 36 “For
3313 1010 54 36 He
3380 1022 79 24 was
3477 1010 92 37 slain
3586 1012 56 34 for

3704 1022 55 24 us.

1907 1012 157 44 Lamb,”
2080 1023 63 24 our

637 1268 30 33 3.
696 1255 79 36 The
791 1256 119 35 whole
926 1266 95 25 cre-a
1045 1274 13 6 -
1074 1254 75 37 tion
1188 1254 96 44 joins
1307 1254 35 34 in
1404 1265 67 24 one

1644 1253 54 35 To
1716 1252 97 37 bless
1829 1254 63 35 the
1947 1264 41 25 sa
2005 1271 14 6 -
2034 1254 80 35 cred

2177 1264 105 24 name
2312 1251 54 38 Of
2379 1253 84 35 Him
2474 1252 84 36 who
2577 1253 67 35 sits
2656 1263 53 32 .up
2733 1271 13 5 -
2770 1262 46 24 on
2863 1251 62 37 the
2971 1251 142 44 throne,

3177 1251 82 35 And
3291 1253 37 34 to
3398 1262 21 25 a
3444 1269 13 6 -
3474 1251 84 35 dore
3574 1251 62 36 the
3670 1250 127 38 Lamb.

627 1508 32 32 4.
689 1496 67 38 Let
801 1494 47 38 all
886 1493 82 39 that
985 1491 104 40 dwell
1106 1504 22 26 a
1152 1513 12 7 -
1189 1493 93 36 bove
1300 1493 62 36 the
1394 1492 87 46 sky,
1619 1493 81 37 And
1717 1494 51 36 air
1806 1494 72 35 and
1911 1494 99 36 earth
2029 1494 72 35 and
2148 1504 96 31 seas,
2264 1492 182 44 Conspire
2462 1495 37 33 to
2547 1492 55 36 lift
2643 1491 85 44 Thy
2789 1491 145 44 glor-ies
2971 1491 103 43 high.
3170 1490 82 35 And
3264 1491 113 42 speak
3392 1489 85 45 Thy
3489 1491 159 36 end-less
3665 1491 130 45 praise.

541 1550 79 40 The
638 1550 120 40 words
775 1553 37 34 of
829 1549 74 39 this
921 1552 114 42 hymn
1054 1561 94 25 were
1164 1550 81 36 first
1261 1549 192 44 published
1471 1550 35 34 in
1523 1550 63 35 the
1603 1548 165 39 author’s
1787 1547 25 18 “
1826 1549 123 44 Hymn
1970 1548 104 36 Book
2093 1550 71 34 and
2182 1547 170 45 Spiritual
2370 1548 165 43 Songs,”
2554 1559 96 31 1707,
2668 1547 62 37 the
2747 1546 150 44 original
2914 1547 77 35 title
3009 1545 107 45 being
3135 1544 24 17 “
3174 1545 132 37 Chrtet
3324 1545 125 45 Jesus,
3467 1547 62 35 the
3548 1546 115 36 Lamb
3681 1548 37 34 of
3736 1546 100 45 God,

452 1596 222 45 Worshiped
692 1597 50 44 by
758 1597 46 35 all
822 1595 220 38 Creation.”
1092 1591 182 49 Changes
1292 1595 34 34 in
1346 1605 100 24 some
1463 1595 37 34 of
1516 1595 63 35 the
1596 1604 125 27 verses
1739 1595 95 35 have
1860 1594 88 36 been
1969 1594 114 35 made.
2135 1593 67 36 See
2221 1594 163 35 remarks
2403 1594 34 33 in
2456 1593 181 35 reference
2654 1595 37 33 to
2711 1591 64 35 Dr.
2797 1583 126 45 Watts
2941 1601 46 24 on
3004 1590 81 36 first
3101 1600 92 34 page
3210 1591 37 34 of
3263 1591 76 36 this
3356 1590 231 44 publication.
3638 1591 92 36 This
3748 1596 89 32 tune

449 1652 153 34 appears
627 1643 35 34 in
683 1651 111 33 many
812 1642 38 34 of
873 1641 63 36 the
954 1639 147 37 earliear
1125 1638 241 44 publications
1383 1639 38 34 of
1447 1639 188 36 American
1653 1649 218 32 composers.
1921 1638 68 36 See
2009 1638 160 38 William
2197 1639 164 41 Billings,
2388 1637 158 35 Andrew
2564 1636 101 44 Law,
2685 1636 135 35 Lowell
2840 1634 145 44 Mason,
3007 1633 23 17 “
3046 1633 171 38 Missouri
3245 1634 233 45 Harmony,”
3501 1637 97 41 1837,
3617 1636 71 35 and
3713 1637 124 36 earlier

449 1687 177 44 editions;
657 1685 220 39 “Southern
897 1682 232 47 Harmony,”
1152 1684 81 43 1835
1253 1683 72 35 and
1346 1684 102 43 1849;
1479 1681 230 39 “Christian
1730 1682 230 45 Harmony,”
1985 1683 96 43 1866,
2101 1683 71 35 and
2190 1683 89 35 later
2297 1682 130 35 books.

1812 1758 404 57 PROSPECT.
2292 1760 60 50 L.
2393 1760 81 49 M.

536 1835 121 33 Isaac
682 1832 156 41 Watts,
868 1830 98 36 1707.
1013 1830 88 43 Key
1124 1828 45 34 of
1187 1828 30 35 C
1240 1827 137 44 Major.
1631 1837 18 12 “
1659 1836 130 28 Blessed
1801 1837 28 26 is
1841 1838 56 25 the
1907 1837 83 27 dead
2002 1838 74 26 who
2088 1837 53 26 die
2157 1836 36 27 in
2205 1838 57 26 the
2274 1836 241 32 lyord.”—Rev.
2529 1837 33 26 14
2574 1845 6 18 :
2599 1837 43 25 13.

633 2105 29 24 i.
691 2092 105 43 Why
812 2090 131 36 should
960 2100 56 26 we
1033 2091 92 35 start
1135 2088 71 37 and
1223 2088 76 35 fear
1323 2090 37 33 to
1377 2087 72 36 die?
1467 2085 293 41 Whattim’rous
1777 2097 135 26 worms
1923 2098 56 24 we
1997 2087 147 36 mortals
2162 2089 71 34 are!
2256 2086 120 37 Death
2396 2087 30 35 is
2443 2087 63 35 the
2532 2089 83 40 gate
2631 2089 37 33 to

2716 2085 158 36 end-less
2897 2085 78 44 joy,
2995 2084 82 37 And
3094 2088 63 40 yet
3196 2095 56 26 we
3299 2084 109 37 dread
3423 2088 38 33 to
3508 2096 44 24 en
3571 2105 15 6 -
3603 2088 54 33 ter
3688 2085 113 36 there.

624 2346 32 24 2.
686 2333 78 36 The
803 2332 120 43 pains,
933 2331 64 36 the
1011 2338 147 36 groans,
1170 2329 62 36 the
1244 2329 113 43 dying
1370 2328 114 43 strife,
1500 2326 129 45 F.ight
1641 2338 65 25 our
1723 2328 244 43 approaching
1980 2328 99 36 souls
2093 2339 118 32 away;
2227 2325 82 37 And
2321 2338 55 25 we
2394 2327 130 35 shrink
2536 2327 92 35 back
2640 2338 21 24 a
2678 2346 15 6 -
2711 2327 84 42 gain
2813 2329 36 33 to

2914 2325 73 43 life,
3009 2324 93 36 Fond
3120 2325 37 35 of
3207 2335 64 26 our
3317 2324 139 44 pris-on
3489 2325 72 35 and
3593 2335 64 25 our
3680 2324 92 45 clay.

625 2606 30 33 3.
684 2593 38 38 O
839 2592 25 35 if
906 2601 61 32 my
985 2588 95 37 Lord
1090 2587 121 39 would
1221 2599 100 25 come
1333 2588 71 36 and
1419 2589 106 42 meet,
1541 2586 66 44 My
1620 2587 79 36 soul
1714 2587 119 37 would
1848 2587 133 37 stretch
1994 2587 65 35 her
2072 2587 120 44 wings
2207 2587 36 34 in
2257 2584 119 48 haste,
2390 2586 69 44 Fly
2470 2586 153 35 fearless
2636 2586 160 42 through
2813 2585 141 36 death’s
2969 2584 75 36 iron
3058 2586 96 43 gate,
3170 2583 73 38 Nor
3255 2581 68 40 feel
3337 2583 62 37 the
3411 2587 132 33 terrors
3558 2595 41 24 as
3611 2584 66 35 she
3688 2583 144 44 passed.

620 2838 33 32 4.
682 2826 43 37 Je
758 2845 14 7 -
811 2836 65 25 sus
900 2835 66 25 can
987 2823 107 36 make
1111 2835 22 24 a
1202 2822 127 45 dy-ing
1371 2820 68 37 bed
1457 2819 81 39 Feel
1560 2821 74 36 soft
1657 2831 42 25 as
1724 2820 150 44 down-y
1935 2817 242 47 pil-lows^are,
2192 2818 122 39 While
2331 2828 47 25 on
2405 2818 68 34 His
2491 2817 122 35 breast
2639 2816 11 34 I
2721 2815 80 35 lean
2820 2825 63 34 my
2898 2814 109 44 head,
3023 2814 82 37 And
3118 2813 147 39 breathe
3279 2823 62 35 my
3355 2814 59 34 life
3428 2815 64 35 out
3508 2814 152 43 sweetly
3676 2814 112 35 there.

529 2885 80 37 The
627 2881 153 48 original
798 2883 81 37 title
897 2885 37 33 to
951 2881 76 36 this
1052 2879 115 45 hymn
1186 2890 79 26 was
1284 2877 24 17 “
1323 2876 167 39 Christ’s
1518 2877 175 36 Presence
1712 2876 132 38 Makes
1870 2875 122 37 Death
2020 2875 143 44 Easy.”
2214 2873 78 38 Full
2310 2873 128 39 sketch
2458 2874 36 34 of
2512 2873 66 35 Dr.
2602 2872 126 38 Watts
2746 2872 31 35 is
2795 2871 109 43 given
2923 2871 36 35 in
2977 2870 104 37 other
3096 2872 100 41 parts
3215 2870 37 35 of
3276 2868 73 40 this
3368 2869 110 36 book.
3531 2869 54 35 He
3598 2880 78 24 was
3693 2870 88 35 born
3800 2869 35 35 in

444 2932 84 40 1674
553 2929 72 38 and
653 2927 81 39 died
761 2928 35 35 in
826 2929 97 41 1748.
976 2926 55 36 He
1048 2935 79 27 was
1144 2934 68 26 one
1230 2924 38 35 of
1291 2923 64 36 the
1381 2922 160 46 greatest
1567 2922 182 37 ministers
1775 2922 36 34 in
1835 2921 63 36 the
1915 2921 126 35 world.
2094 2919 23 17 “
2133 2918 205 44 Prospect”
2358 2919 30 35 is
2415 2929 67 25 one
2500 2918 37 35 of
2561 2917 62 36 the
2648 2917 97 34 older
2763 2915 182 37 melodies.
2999 2915 29 36 It
3052 2924 151 35 appears
3230 2914 35 35 in
3283 2910 221 41 “Southern
3531 2913 229 43 Harmony,”
3787 2913 50 43 by

441 2975 154 42 Walker
630 2983 93 35 page
740 2984 57 33 92,
817 2972 36 36 in
875 2978 103 38 1835;
1007 2969 77 37 also
1105 2968 24 18 “
1142 2966 193 40 Christian
1355 2963 233 48 Harmony,”
1607 2966 71 36 and
1697 2976 112 33 many
1826 2966 103 36 other
1946 2965 131 44 books,
2096 2964 66 37 but
2179 2975 93 24 none
2289 2962 84 45 give
2389 2963 63 35 the
2470 2962 131 36 author
2618 2962 36 34 of
2670 2961 63 36 the
2752 2960 125 36 music.
2973 2967 191 36 Copyright,
3178 2968 74 32 1909,
3267 2967 44 35 by
3323 2968 26 33 J-
3363 2968 32 27 s.
3407 2970 121 31 James.
