4038 3447
497 486 75 55 62
1754 475 327 63 PARTING
2118 475 231 55 HAND.
2422 474 63 52 L.
2514 475 81 51 M.

931 575 18 14 “
958 575 61 27 But
1031 582 37 19 as
1079 571 157 37 touching
1246 571 171 37 brotherly
1428 569 73 31 love
1512 577 41 30 ye
1564 569 84 28 need
1660 572 57 25 not
1726 571 72 26 that
1812 572 15 23 I
1840 568 93 29 write
1942 570 80 26 unto
2034 575 64 28 you
2110 577 7 18 :
2134 567 52 27 for
2197 574 41 28 ye
2250 565 187 36 yourselves
2450 572 56 19 are
2518 564 116 36 taught
2646 561 37 32 of
2695 562 71 30 God
2776 565 36 27 to
2823 562 74 32 love
2908 571 64 21 one
2983 563 219 30 another.”—1
3214 563 126 30 Thess.
3354 565 17 27 4
3385 575 6 18 :
3409 565 27 27 9.

583 623 86 43 Key
691 621 42 38 of
756 621 36 36 G
814 620 134 46 Major.
3231 613 219 39 Jeremiah
3474 612 192 39 Ingales,
3692 608 97 36 1803.

737 884 13 30 f
766 880 65 45 My
848 879 192 39 Christian
1054 879 151 46 friends,
1220 880 35 35 in
1274 879 116 36 bonds
1408 879 37 35 of
1462 874 95 51 love,
1577 877 143 39 Whose
1733 877 124 36 hearts
1875 877 35 34 in
1925 876 173 39 sweetest
2111 875 111 36 union
2235 874 89 46 join,
2339 878 15 31 1
2372 885 32 25 2.
2424 872 100 37 Your
2540 871 215 47 company’s
2774 872 126 44 sweet,
2918 882 93 33 your
3028 872 110 35 union
3157 872 96 43 dear,
3765 868 72 38 Yet

728 914 23 51 1
766 925 98 37 Your
880 925 239 44 friendship’s
1135 924 73 38 like
1225 936 21 24 a
1263 923 164 45 drawing
1446 919 110 51 band,
1576 922 70 37 Yet
1662 932 56 26 we
1736 924 100 34 must
1851 922 87 36 take
1955 921 62 37 the
2035 920 143 46 parting
2197 919 110 38 hand,
2340 931 12 29 j
3087 916 99 36 Your
3202 916 121 36 words
3342 915 191 44 delightful
3549 918 38 33 to
3606 924 62 35 my
3685 925 59 25 ear

739 1405 14 32 f
768 1402 93 38 How
874 1405 115 35 sweet
1004 1403 39 36 th
1048 1400 32 46 ef
1081 1402 112 37 hours
1209 1402 97 35 have
1320 1400 133 44 passed
1467 1409 108 36 away
1588 1398 106 37 Since
1706 1409 56 24 we
1779 1398 96 35 have
1893 1400 73 34 met
1981 1400 38 35 to
2037 1398 83 43 sing
2133 1398 72 35 and
2218 1407 100 33 pray;
2335 1400 15 31 1
2368 1406 33 32 4.
2423 1395 37 36 O
2473 1395 104 36 could
2593 1394 11 35 I
2619 1396 84 43 stay
2716 1393 88 37 with
2819 1391 138 38 friends
2971 1404 41 24 so
3027 1393 103 43 kind,
3776 1390 72 37 But

739 1455 14 33 I
768 1448 94 37 How
880 1448 97 36 loath
996 1458 55 25 we
1069 1457 58 26 are
1144 1450 37 34 to
1198 1445 103 38 leave
1318 1446 62 36 the
1397 1444 100 43 place
1516 1442 135 41 Where
1671 1443 112 35 Jesus
1800 1443 126 35 shows
1944 1443 58 35 his
2020 1441 160 44 smil-ing
2199 1442 90 36 face.
2336 1433 22 50 /
2993 1438 93 35 How
3103 1437 121 36 would
3242 1438 26 35 it
3283 1438 105 35 cheer
3406 1448 63 33 my
3485 1437 174 43 drooping
3678 1435 113 36 mind!

512 1928 109 37 when
640 1928 11 35 I
665 1937 58 28 see
735 1928 82 37 that
833 1938 56 26 we
902 1929 100 34 must
1015 1929 79 41 part
1108 1926 80 37 You
1202 1926 100 35 draw
1316 1925 72 35 like
1401 1923 132 37 chords
1545 1923 139 36 around
1696 1934 63 33 my
1769 1922 114 37 heart.

517 2405 92 44 duty
629 2404 128 37 makes
776 2415 56 25 me
850 2404 225 36 understand
1094 2401 99 39 That
1209 2412 56 27 we
1283 2403 99 35 must
1396 2401 89 36 take
1502 2400 64 36 the
1582 2400 145 44 parting
1744 2399 112 36 hand.

1989 1767 16 35 5
2034 1757 81 38 And
2133 1758 98 35 since
2250 1757 27 36 it
2294 1757 30 35 is
2343 1756 121 36 God’s
2482 1755 89 44 holy
2586 1754 87 44 will,

2032 1802 71 40 We
2122 1805 98 33 must
2237 1801 43 36 be
2298 1801 124 43 parted
2438 1801 56 34 for
2511 1811 20 23 a
2548 1799 121 44 while,

2034 1848 37 35 In
2092 1849 113 34 sweet
2223 1846 239 42 submission,
2482 1844 45 35 all
2546 1855 41 23 as
2605 1854 80 34 one,

2033 1889 110 42 We’ll
2161 1902 83 32 say,
2263 1900 64 25 our
2347 1888 168 37 Father’s
2532 1888 73 36 will
2623 1887 42 37 be
2682 1889 104 35 done.

1987 1983 22 34 6
2034 1981 65 44 My
2115 1980 169 45 youthful
2303 1979 151 43 friends,
2473 1978 36 36 in
2528 1975 192 39 Christian
2737 1978 83 42 ties,

2033 2024 100 41 Who
2152 2025 88 36 seek
2257 2026 56 34 for
2333 2024 187 36 mansions
2538 2023 35 34 in
2590 2022 63 36 the
2671 2022 114 43 skies,

2033 2068 112 46 Fight
2161 2081 60 31 on,
2239 2069 96 35 we’ll
2355 2068 83 44 gain
2457 2068 82 36 that
2556 2067 125 44 happy
2698 2067 118 43 shore,

2033 2113 138 42 Where
2186 2114 145 44 parting
2349 2112 73 36 will
2441 2112 42 35 be
2501 2111 137 36 known
2657 2121 47 25 no
2722 2121 108 25 more.

1989 2217 20 32 7
2036 2204 93 39 How
2145 2205 54 36 oft
2216 2205 75 34 I’ve
2309 2214 85 25 seen
2414 2214 90 33 your
2521 2202 151 44 flowing
2687 2204 109 40 tears,

2035 2247 81 41 And
2133 2249 111 35 heard
2261 2259 72 32 you
2351 2248 61 36 tell
2430 2258 91 34 your
2538 2248 114 42 hopes
2670 2247 71 35 and
2757 2246 96 35 fears
2868 2246 8 33 !

2036 2293 98 39 Your
2150 2294 123 36 hearts
2291 2293 90 36 with
2402 2292 81 36 love
2501 2303 94 24 were
2613 2302 85 24 seen
2716 2294 37 33 to
2769 2289 121 46 flame,

2036 2335 135 44 Which
2190 2339 129 34 makes
2340 2348 56 24 me
2413 2336 93 44 hope
2523 2336 96 37 we’ll
2638 2338 94 33 meet
2749 2334 120 44 again.

1989 2432 22 33 8
2037 2428 52 38 Ye
2107 2428 191 43 mourning
2317 2427 114 43 souls,
2450 2427 56 36 lift
2523 2437 48 33 up
2588 2436 91 33 your
2696 2435 86 33 eyes

2037 2472 53 38 To
2109 2473 157 43 glorious
2285 2472 188 35 mansions
2493 2472 34 34 in
2545 2471 62 36 the
2625 2471 120 42 skies;

2036 2518 38 38 O
2091 2519 95 36 trust
2205 2517 67 35 His
2290 2517 186 44 grace—in
2496 2514 198 38 Canaan’s
2707 2515 85 35 land

2037 2559 111 44 We’ll
2166 2572 46 25 no
2232 2571 96 26 more
2345 2560 87 38 take
2450 2561 62 35 the
2530 2560 144 43 parting
2691 2559 111 35 hand.

2977 1755 23 33 9
3024 1753 81 36 And
3121 1764 97 32 now,
3234 1763 63 33 my
3308 1753 150 43 friends,
3476 1752 85 36 both
3581 1752 58 35 old
3656 1750 72 37 and
3746 1759 139 37 young,

3027 1798 10 35 1
3055 1799 93 42 hope
3167 1799 34 33 in
3221 1797 133 37 Christ
3370 1798 113 43 you’ll
3502 1797 71 36 still
3592 1807 45 32 go
3655 1806 45 25 on
3715 1806 9 32 ;

3024 1843 81 34 And
3123 1843 26 34 if
3165 1853 46 25 on
3230 1842 100 36 earth
3350 1853 55 24 we
3424 1845 93 33 meet
3535 1852 45 24 no
3599 1850 110 34 more,

3023 1887 39 35 O
3081 1897 86 33 may
3182 1898 56 25 we
3257 1889 94 34 meet
3367 1897 46 24 on
3433 1885 196 37 Canaan’s
3647 1884 118 38 shore.

2961 1989 39 24 10
3028 1977 11 35 I
3056 1977 93 43 hope
3166 1976 115 44 you’ll
3299 1976 46 35 all
3364 1975 198 37 remember
3579 1985 56 25 me

3026 2022 27 35 If
3071 2033 45 23 on
3134 2021 100 36 earth
3256 2031 45 25 no
3320 2031 97 25 more
3440 2021 10 34 1
3469 2031 80 32 see;

3025 2066 56 35 An
3100 2066 150 36 interest
3266 2066 35 34 in
3320 2076 91 32 your
3428 2075 148 32 prayers
3597 2063 11 36 I
3624 2073 119 34 crave,

3025 2111 99 36 That
3138 2121 57 25 we
3212 2113 95 33 meet
3322 2109 145 44 beyond
3483 2110 63 34 the
3563 2117 125 34 grave.

2962 2209 34 27 11
3026 2199 38 38 O
3081 2200 158 45 glorious
3257 2200 93 43 day!
3378 2199 38 36 O
3435 2198 143 36 blessed
3594 2197 93 44 hope
3702 2198 7 34 !

3028 2245 64 42 My
3109 2244 79 36 soul
3207 2245 98 42 leaps
3322 2244 158 35 forward
3498 2246 38 33 at
3551 2243 62 36 the
3630 2242 160 44 thought

3027 2288 138 44 When,
3182 2300 46 23 on
3246 2289 82 35 that
3345 2288 137 44 happy,
3501 2288 124 42 happy
3642 2286 98 43 land,

3030 2333 109 40 We’ll
3160 2344 46 24 no
3224 2343 96 25 more
3337 2332 87 37 take
3442 2333 63 35 the
3521 2330 144 45 parting
3682 2330 112 36 hand.

2965 2435 38 25 12
3029 2423 73 36 But
3118 2423 88 36 with
3226 2434 65 25 our
3308 2423 144 36 blessed
3470 2421 88 44 holy
3577 2419 94 37 Lord

3032 2467 108 40 We’ll
3159 2468 111 36 shout
3287 2468 71 35 and
3377 2468 82 42 sing
3479 2467 88 36 with
3587 2476 68 26 one
3672 2463 138 45 accord,

3031 2511 82 38 And
3129 2513 100 35 there
3247 2512 96 35 we’ll
3362 2512 45 35 all
3424 2511 89 36 with
3534 2510 111 36 Jesus
3662 2509 115 43 dwell,

3031 2556 62 44 So,
3112 2557 124 43 loving
3255 2554 231 46 Christians,
3503 2556 76 34 fare
3597 2564 73 34 you
3688 2553 93 36 well.

605 2676 168 31 Urpmiah
797 2677 132 30 Ino-alk
946 2688 79 19 was
1043 2689 18 18 2
1082 2675 123 34 native
1222 2676 37 32 of
1282 2676 63 31 the
1370 2673 102 34 State
1490 2675 37 32 of
1554 2670 312 38 Massachusetts-
1895 2669 89 36 born
2002 2667 36 38 in
2061 2665 81 45 1764
2162 2666 72 36 and
2259 2665 80 37 died
2360 2666 35 35 in
2417 2663 96 37 1828.
2565 2664 38 35 In
2625 2664 84 41 1804
2728 2663 45 35 he
2790 2660 191 46 published
2999 2673 22 24 a
3038 2659 97 39 book
3151 2660 112 37 called
3283 2660 22 16 “
3321 2659 193 38 Christian
3537 2656 230 47 Harmony.”
3818 2656 80 39 The

504 2722 118 36 above
638 2726 88 32 tune
760 2722 24 16 “
798 2722 86 36 Part
898 2720 182 39 ngHand
1102 2678 752 85 ”waswmOT^iniSoT^ew^a
1870 2713 116 38 music
2004 2707 158 48 teacher,
2181 2710 73 37 and
2269 2710 162 37 traveled
2455 2708 160 44 through
2641 2708 62 36 the
2719 2705 124 38 States
2859 2707 38 35 of
2925 2706 88 38 New
3033 2704 232 46 Hampshire,
3285 2703 188 45 Vermont,
3491 2705 72 34 and
3591 2700 304 42 Massachusetts.

506 2768 144 44 Among
676 2778 102 26 some
802 2768 36 36 of
852 2726 242 85 Shading
1118 2766 108 39 tunes
1254 2765 38 36 of
1316 2764 58 37 Ms
1398 2774 60 26 are
1484 2760 276 42 “Northfield”
1788 2759 70 37 and
1884 2756 130 40 “New
2040 2751 248 46 Jerusalem.”
2337 2755 33 36 A
2395 2764 96 25 more
2515 2752 178 39 extended
2719 2751 128 38 sketch
2873 2751 38 35 of
2937 2750 66 36 Mr.
3027 2750 88 44 Inga
3129 2750 32 36 Is
3177 2750 34 36 is
3233 2750 110 45 given
3361 2749 114 37 under
3489 2747 64 38 the
3567 2748 90 37 tune
3673 2745 38 36 of
3729 2743 24 19 “
3767 2744 134 43 North-

502 2812 125 38 field.”
679 2813 30 37 It
726 2823 85 32 may
827 2812 44 37 be
887 2812 81 37 that
985 2811 46 36 he
1048 2812 112 37 wrote
1175 2810 63 38 the
1254 2809 121 37 words
1392 2811 37 34 to
1448 2806 24 18 “
1487 2807 147 44 Parting
1653 2805 151 46 Hand,”
1824 2815 41 25 as
1881 2801 81 39 well
1979 2811 42 29 as
2037 2801 63 39 the
2119 2810 124 27 music.
2295 2799 56 36 He
2369 2797 149 45 usually
2532 2800 113 34 wrote
2660 2797 64 37 the
2741 2795 120 36 words
2879 2796 38 35 to
2934 2795 59 35 his
3010 2804 83 28 own
3110 2797 120 35 tunes.

1918 2851 192 47 Copyright,
2129 2856 76 32 1909,
2215 2854 45 36 by
2271 2855 29 35 J.
2313 2855 32 27 S.
2356 2854 120 36 James.
