3532 4134
1003 2832 96 39 The
1123 2836 145 35 above
1295 2835 36 36 is
1354 2848 24 22 a
1402 2835 293 49 photograph
1719 2835 47 36 of
1788 2835 73 36 Dr.
1886 2836 97 37 Len
2006 2837 48 36 G.
2079 2837 279 51 Broughton,
2383 2839 160 38 Pastor

928 2899 47 34 of
1006 2900 75 34 the
1114 2899 181 48 Baptist
1327 2896 280 40 Tabernacle
1641 2901 180 37 Church
1853 2902 48 36 of
1931 2902 193 43 Atlanta,
2157 2904 77 38 Ga.
2295 2906 66 36 He
2386 2906 36 36 is
2445 2906 96 37 also

925 2963 77 36 the
1027 2963 197 38 founder
1245 2966 92 36 and
1361 2967 199 36 director
1584 2967 47 37 of
1661 2968 76 36 the
1771 2968 177 50 Baptist
1979 2968 281 40 Tabernacle
2293 2972 248 51 Infirmary.

925 3030 73 36 Dr.
1023 3030 269 51 Broughton
1325 3032 36 38 is
1395 3046 86 24 one
1515 3033 48 37 of
1592 3034 76 37 the
1701 3035 148 37 ablest
1880 3036 188 38 Divines
2102 3038 45 35 in
2179 3037 219 39 America.
2460 3040 80 37 His

924 3098 261 49 reputation
1208 3099 36 37 is
1269 3102 80 35 not
1373 3101 108 48 only
1503 3101 211 37 confined
1743 3105 46 34 to
1805 3103 70 36 his
1895 3116 103 24 own
2016 3107 205 47 country,
2239 3106 79 36 but
2336 3106 57 36 he
2413 3106 126 38 often

922 3164 84 37 fills
1029 3164 77 37 the
1131 3166 170 48 pulpits
1338 3167 47 37 of
1420 3167 196 37 London
1651 3170 92 35 and
1777 3169 133 38 other
1943 3170 176 51 foreign
2161 3172 241 37 countries.
2464 3173 73 37 Dr.

925 3231 267 51 Broughton
1225 3233 92 36 and
1349 3234 70 37 his
1443 3235 121 49 large
1596 3235 170 37 church
1788 3236 314 50 membership
2126 3238 114 37 have
2264 3240 276 50 generously

923 3298 241 37 furnished
1188 3299 96 37 free
1309 3300 47 37 of
1378 3301 164 50 charge
1566 3301 118 38 their
1707 3303 211 49 spacious
1952 3302 282 40 Tabernacle
2273 3306 45 36 in
2355 3306 183 38 Atlanta

922 3367 46 34 to
991 3365 77 37 the
1091 3366 169 37 United
1291 3366 171 38 Sacred
1498 3368 127 49 Harp
1661 3369 191 37 Musical
1883 3369 292 39 Association
2198 3372 72 37 for
2293 3373 56 36 its
2372 3374 167 37 annual

921 3432 221 50 meetings
1167 3432 118 37 from
1309 3434 77 37 the
1409 3435 107 36 time
1541 3435 31 36 it
1597 3447 91 25 was
1713 3436 95 37 first
1841 3437 246 50 organized
2110 3441 46 34 to
2180 3438 76 38 the
2282 3443 198 45 present.
