4047 3424
1223 447 467 62 RUDIMENTS
1725 450 99 56 OF
1855 445 257 60 MUSIC.
2251 448 361 64 Continued.

322 540 31 30 9.
377 540 113 35 What
510 540 87 35 does
617 542 61 34 the
698 541 128 37 mouth
845 544 48 34 do
912 546 74 32 and
1005 547 80 33 how
1104 548 31 36 is
1155 549 31 32 it
1206 548 90 34 used
1317 552 36 30 in
1375 547 166 48 singing?

322 616 75 34 The
424 616 138 42 mouth,
588 618 49 45 by
663 630 124 25 means
816 622 40 31 of
884 624 60 32 the
972 623 82 46 lips,
1082 623 110 42 teeth,
1219 630 135 41 tongue
1383 626 73 35 and
1482 628 126 45 palate
1636 628 163 38 becomes
1826 630 61 32 the

229 704 116 34 organ
373 696 43 31 of
445 694 317 50 pronounciation.

316 820 51 32 10.
392 819 113 35 What
528 822 30 32 is
582 820 61 34 the
667 819 212 48 diaphram?
926 823 133 37 Where
1082 826 30 33 is
1136 827 30 33 it
1189 828 182 34 situated?

314 916 77 34 The
415 916 219 50 diaphragm
657 921 31 31 is
713 921 60 33 the
797 921 136 37 muscle
959 922 162 36 situated
1146 926 83 43 just
1252 926 116 34 below
1392 928 61 34 the
1478 928 214 46 lungs—the
1719 927 165 48 dividing

225 991 82 34 wall
337 994 161 35 between
530 996 60 34 the
618 998 99 33 chest
748 999 72 32 and
850 1000 60 33 the
940 1000 109 35 lower
1079 1001 189 37 abdomen.
1323 1006 36 32 It
1389 1006 30 34 is
1449 1006 60 32 the
1539 1017 123 34 power
1691 1007 49 45 by
1768 1006 113 34 which

222 1079 70 25 one
316 1072 32 33 is
376 1073 153 34 enabled
556 1077 41 30 to
625 1075 143 36 control
795 1077 61 34 the
883 1079 141 34 breath.
1074 1079 87 36 This
1188 1082 137 35 muscle
1355 1082 195 48 gradually
1579 1086 119 34 forces
1728 1088 65 31 out
1820 1087 61 34 the

223 1148 58 35 air
305 1150 161 35 inclosed
495 1154 36 33 in
558 1155 61 33 the
645 1155 107 46 lungs
780 1157 73 33 and
881 1169 21 21 a
930 1158 142 35 skillful
1100 1160 122 46 singer
1250 1162 114 45 ought
1392 1167 38 30 to
1457 1165 106 34 know
1589 1166 79 33 how
1697 1169 38 31 to
1764 1165 116 35 direct

220 1230 41 34 it.
312 1230 37 34 It
375 1232 217 34 constitutes
619 1236 60 31 the
707 1238 95 32 most
830 1237 203 46 important
1060 1240 192 45 operation
1280 1242 36 32 in
1343 1243 60 33 the
1434 1245 58 30 art
1521 1245 41 31 of
1589 1245 154 44 singing.

310 1332 51 34 11.
387 1333 113 34 What
525 1333 114 34 about
664 1335 61 33 the
749 1334 96 46 body
871 1337 101 33 when
997 1340 165 45 engaged
1188 1342 36 32 in
1251 1342 165 45 singing?

306 1429 78 38 The
404 1432 100 46 body
525 1434 129 35 should
675 1436 46 34 be
742 1437 102 33 when
866 1438 239 47 singing—sit
1128 1452 41 23 or
1192 1442 109 34 stand
1325 1444 110 40 erect,
1457 1444 87 34 with
1565 1445 90 35 both
1678 1447 78 35 feet
1777 1458 98 34 upon

216 1494 62 35 the
303 1497 109 42 floor;
435 1498 86 37 hold
546 1501 59 34 the
630 1503 92 32 head
747 1515 49 33 up
822 1505 153 34 without
999 1506 153 48 turning
1175 1509 29 33 it
1229 1512 38 31 to
1292 1510 114 35 either
1431 1511 95 41 side;
1552 1512 148 48 slightly
1725 1513 149 47 project

216 1562 62 37 the
301 1565 101 36 chest
425 1569 72 33 and
521 1569 107 35 avoid
650 1571 50 33 all
722 1572 200 36 unnatural
945 1575 169 34 motions.
1137 1577 61 32 -It
1220 1578 30 32 is
1272 1579 121 34 better
1415 1583 38 32 to
1476 1579 92 46 keep
1591 1582 60 34 the
1675 1580 98 49 body
1797 1583 77 35 free

217 1630 98 38 from
343 1636 147 34 contact
519 1637 88 33 with
635 1639 60 32 the
723 1638 92 36 back
845 1641 41 32 of
915 1642 59 33 the
1005 1647 79 30 seat
1112 1643 101 35 when
1244 1645 138 45 sitting.

304 1748 52 34 12.
380 1749 114 36 What
521 1749 113 36 about
660 1756 142 31 correct
828 1752 216 47 breathing?

300 1860 204 49 Breathing
529 1864 160 35 involves
714 1865 203 38 inhalation
940 1868 48 44 by
1012 1868 113 38 which
1150 1871 60 33 the
1234 1870 106 48 lungs
1367 1883 62 26 are
1453 1873 152 38 inflated
1631 1878 72 35 and
1728 1876 127 37 exhala­

211 1927 78 37 tion
313 1930 50 47 by
386 1933 114 34 which
525 1932 61 34 the
611 1935 56 32 air
691 1935 31 34 is
746 1935 152 35 emitted
925 1936 96 34 from
1049 1938 108 35 them.
1205 1940 118 35 Tones
1350 1952 63 26 are
1437 1942 189 46 produced
1652 1944 136 51 during
1811 1958 43 22 ex­

211 1997 176 39 halation.
433 2000 208 39 Inhalation
664 2003 130 36 should
816 2004 45 35 be
884 2006 172 36 noiseless
1078 2008 88 35 with
1188 2008 71 47 lips
1279 2010 129 48 partly
1430 2011 121 36 closed
1575 2025 39 25 so
1638 2019 15 31 t
1676 2016 42 34 he
1744 2014 128 37 breath

212 2065 75 37 will
314 2070 65 33 not
407 2070 178 36 interfere
613 2071 87 34 with
728 2073 62 34 the
819 2073 96 35 sides
945 2076 42 33 of
1015 2077 60 33 the
1105 2076 135 43 throat,
1268 2080 114 34 which
1411 2082 30 34 is
1469 2080 156 38 hurtful.
1680 2084 103 48 Keep
1812 2087 61 33 the

212 2134 189 38 shoulders
424 2139 37 33 in
484 2140 95 35 their
602 2142 148 36 natural
771 2143 171 45 position.
987 2145 58 35 Do
1068 2148 64 33 not
1154 2147 83 33 seek
1259 2151 38 30 to
1321 2149 83 35 hold
1428 2150 60 34 the
1512 2150 129 38 breath
1664 2154 47 44 by
1734 2152 139 48 closing

209 2202 62 37 the
294 2205 136 35 throat.
477 2206 76 37 The
576 2208 126 36 throat
723 2209 132 37 should
879 2213 46 35 be
947 2213 91 46 kept
1061 2224 94 37 open
1181 2215 219 48 constantly.

301 2295 52 34 13.
376 2297 98 31 How
490 2296 76 35 and
580 2297 105 35 when
700 2299 132 36 should
848 2312 54 23 we
920 2303 170 35 breathe?

302 2382 207 38 Inhalation
540 2387 128 34 should
698 2390 85 34 take
810 2391 106 44 place
943 2393 105 34 often
1075 2395 143 44 enough
1247 2397 39 33 to
1314 2398 153 43 prevent
1497 2394 214 43 exhaustion
1741 2400 41 34 of
1812 2401 58 32 the

205 2456 129 37 breath
356 2462 73 33 and
450 2463 118 36 where
588 2466 31 33 it
640 2475 85 36 may
745 2471 65 31 not
831 2470 188 45 interrupt
1039 2473 62 34 the
1122 2473 120 33 w*rds
1266 2485 42 22 or
1327 2480 126 32 music.

300 2550 51 33 14.
376 2552 113 35 What
518 2557 30 31 is
581 2554 60 36 the
673 2557 78 36 rule
782 2559 41 32 of
854 2559 194 45 breathing
1078 2561 103 35 while
1212 2563 145 45 singing
1388 2564 141 36 words?

295 2637 53 34 As
375 2651 22 21 a
422 2641 79 34 rule
526 2643 37 33 in
588 2643 146 48 singing
758 2647 48 44 by
832 2648 119 35 words
977 2651 30 32 it
1031 2660 83 34 may
1141 2651 84 35 take
1249 2652 106 46 place
1382 2655 38 32 at
1446 2654 60 34 the
1533 2654 123 39 marks
1683 2656 41 34 of
1749 2665 97 35 punc­

207 2712 142 37 tuation
378 2728 43 24 or
450 2719 101 35 after
578 2732 68 23 one
675 2725 43 32 of
745 2724 62 34 the
836 2736 100 23 more
966 2726 185 47 emphatic
1180 2729 120 35 words
1330 2729 163 36 between
1523 2729 110 39 them.

293 2818 51 33 15.
370 2820 57 33 On
449 2820 97 36 what
570 2823 86 34 does
680 2825 59 37 the
763 2831 140 30 correct
927 2829 159 45 delivery
1110 2830 43 43 of
1177 2831 60 34 the
1258 2831 100 36 voice
1381 2832 166 47 depend?

288 2919 33 33 A
352 2921 95 46 good
478 2923 160 49 delivery
666 2927 42 34 of
736 2929 61 34 the
825 2929 99 36 voice
950 2931 38 33 in
1017 2932 145 45 singing
1190 2935 64 33 not
1282 2933 85 45 only
1397 2935 162 46 depends
1589 2944 46 27 on
1664 2946 22 23 a
1714 2938 141 34 correct

198 2980 160 51 position
384 2989 42 34 of
451 2989 61 39 the
537 2992 98 45 body
663 2994 72 38 and
763 3007 21 22 a
810 2996 179 47 complete
1016 2999 143 35 control
1182 3000 43 33 of
1251 3001 61 35 the
1338 3001 142 41 breath,
1506 3002 68 35 but
1601 3001 78 40 also
1705 3012 99 38 upon
1833 3016 21 20 a

199 3046 186 44 favorable
406 3057 233 50 adjustment
659 3064 42 34 of
720 3065 61 36 the
800 3065 125 37 throat
947 3068 72 34 and
1040 3068 127 36 mouth
1187 3070 73 36 and
1282 3080 23 24 a
1325 3070 83 34 firm
1429 3070 121 35 action
1571 3071 42 34 of
1633 3071 61 37 the
1716 3068 137 48 glottis.

283 3143 51 35 16.
359 3146 96 35 How
478 3150 113 37 about
614 3153 60 36 the
697 3154 125 37 throat
846 3157 72 33 and
941 3158 125 34 mouth
1089 3160 37 33 in
1151 3160 187 35 reference
1361 3163 38 33 to
1423 3160 62 34 the
1509 3160 102 45 pitch
1635 3162 41 34 of
1699 3162 107 37 tone?

3508 470 60 53 17

2039 548 76 34 For
2135 560 108 34 every
2264 550 101 48 pitch
2388 552 101 35 there
2512 555 31 33 is
2565 565 22 21 a
2610 551 141 41 certain
2771 553 163 52 position
2956 556 42 37 of
3020 561 59 35 the
3103 557 126 42 throat
3250 560 72 40 and
3346 566 126 36 mouth
3495 566 112 37 which

1971 626 29 31 is
2024 628 96 32 most
2144 626 196 36 conducive
2364 632 38 30 to
2426 630 60 31 the
2513 629 200 38 formation
2738 634 41 32 of
2805 646 21 21 a
2850 644 92 35 pure
2970 640 92 32 tone.

2058 740 51 31 17.
2135 739 111 34 What
2275 740 112 34 about
2416 742 227 34 contraction
2674 744 41 33 of
2742 745 62 35 the
2833 747 126 34 mouth
2990 758 42 23 or
3061 749 146 37 throat?

2057 849 121 34 Avoid
2208 862 71 33 any
2308 851 200 37 unnatural
2536 855 230 36 contraction
2795 865 41 25 or
2866 856 200 40 distension
3096 862 42 33 of
3165 863 61 34 the
3256 863 125 37 mouth
3411 877 41 25 or
3483 870 142 42 throat;

1967 937 95 35 open
2086 928 61 33 the
2171 930 125 33 mouth
2324 930 117 45 freely
2464 933 145 45 enough
2632 936 39 32 to
2697 935 117 35 admit
2837 938 43 31 of
2905 947 45 25 no
2977 937 228 39 obstruction
3230 944 38 32 to
3294 944 61 34 the
3381 948 84 34 tone
3490 949 49 44 by
3564 949 62 34 the

1965 1004 69 47 lips
2056 1017 41 20 or
2119 1006 109 35 teeth.
2275 1009 52 32 Be
2348 1010 142 32 careful
2512 1014 64 31 not
2597 1015 38 31 to
2658 1011 117 37 direct
2794 1015 62 33 the
2877 1016 117 34 sound
3016 1018 77 32 into
3116 1019 60 34 the
3200 1030 86 25 nose
3309 1022 159 38 cavities.

2054 1119 50 31 18.
2131 1117 118 35 While
2280 1119 145 47 singing
2457 1122 96 34 what
2585 1122 113 37 about
2729 1125 61 36 the
2821 1128 283 44 pronunciation
3134 1132 41 32 of
3206 1132 141 36 words?

2010 1195 122 45 Every
2162 1198 100 32 word
2295 1199 72 33 and
2398 1199 151 47 syllable
2580 1204 41 31 of
2651 1214 21 21 a
2704 1204 99 34 word
2834 1205 131 35 should
2997 1208 43 34 be
3070 1210 236 47 pronounced
3338 1212 180 49 correctly
3550 1216 73 33 and

1963 1272 137 48 spoken
2128 1275 188 46 distinctly
2343 1289 39 23 so
2410 1279 81 33 that
2517 1281 85 44 they
2630 1292 82 35 may
2740 1283 44 34 be
2810 1286 113 43 easily
2950 1287 113 34 heard
3090 1289 49 44 by
3166 1289 102 37 those
3297 1291 183 49 listening.
3533 1296 72 34 Pro­

1960 1352 211 37 nunciation
2201 1356 41 32 of
2271 1355 118 36 words
2420 1359 127 34 should
2578 1363 64 32 not
2672 1362 134 45 always
2836 1364 42 34 be
2909 1365 106 37 made
3047 1367 196 47 according
3271 1374 39 32 to
3341 1373 181 43 Webster,
3553 1375 67 34 but

1959 1429 197 48 according
2179 1435 39 31 to
2244 1434 61 33 the
2332 1434 102 34 vocal
2461 1436 155 35 division
2642 1439 42 33 of
2709 1441 62 34 the
2796 1442 121 34 words
2943 1453 40 24 as
3010 1443 160 37 follows:

2050 1542 746 58 Webster—Mus-ic—Re-cord—Stor-y.

2049 1634 115 34 Vocal
2195 1635 250 38 Division—M
2450 1638 489 53 u-sic—Rec-ord—Sto-ry.

2623 1743 311 42 INTERVALS.

2050 1825 108 36 What
2182 1828 32 34 is
2235 1839 49 24 an
2304 1829 178 37 interval?

2046 1905 60 36 An
2126 1906 157 38 interval
2303 1911 30 35 is
2353 1911 61 34 the
2435 1911 199 38 difference
2655 1915 41 33 of
2715 1916 100 45 pitch
2837 1915 162 37 between
3021 1921 71 32 two
3113 1923 114 33 tones.
3252 1921 111 35 From
3387 1923 15 32 1
3426 1926 38 33 to
3485 1925 32 39 2,
3537 1925 21 32 3
3579 1928 38 30 to

1954 1984 33 40 4,
2007 1985 22 35 5
2051 1988 40 34 to
2112 1988 33 39 6,
2164 1989 22 33 6
2205 1991 41 33 to
2267 1990 33 41 7,
2321 1991 20 32 7
2362 1993 40 31 to
2423 1993 32 39 8,
2476 2002 42 24 or
2538 1993 163 36 between
2722 1997 21 31 8
2764 1997 39 34 to
2826 1999 32 37 1,
2879 2007 42 24 or
2945 2008 72 34 any
3040 1997 105 36 other
3168 1998 164 38 distance
3356 2002 163 37 between
3542 2007 73 32 two

1954 2066 116 35 tones.

2041 2145 112 36 What
2180 2150 30 32 is
2236 2147 138 48 prime?

2042 2225 35 32 A
2098 2225 119 46 prime
2238 2228 30 34 is
2291 2228 60 34 the
2375 2240 104 23 name
2502 2231 106 45 given
2630 2235 38 32 to
2691 2236 72 32 two
2786 2236 104 34 tones
2914 2233 115 38 which
3051 2236 159 37 involves
3234 2238 67 36 but
3326 2250 67 24 one
3416 2241 132 46 degree
3572 2252 41 24 as

1950 2303 38 34 in
2008 2301 294 54 representation
2322 2308 42 32 of
2384 2309 30 34 C
2434 2309 72 34 and
2528 2310 39 35 C.

2041 2382 112 36 What
2175 2385 30 33 is
2229 2395 22 22 a
2273 2385 154 36 second?

2039 2462 61 33 An
2124 2463 158 40 interval
2306 2466 114 34 which
2444 2468 159 36 involves
2627 2473 74 32 two
2725 2472 151 47 degrees
2902 2483 40 27 as
2968 2472 238 50 represented
3231 2486 47 25 on
3302 2476 62 36 the
3390 2476 97 39 scale
3513 2476 98 38 from

1949 2538 28 35 C
2002 2540 40 35 to
2065 2539 46 36 D.

2037 2618 97 34 How
2155 2630 110 36 many
2285 2622 109 36 kinds
2416 2625 43 32 of
2478 2625 154 36 seconds
2657 2638 62 23 are
2741 2628 114 41 there,
2878 2630 73 35 and
2973 2633 99 33 what
3095 2644 62 23 are
3180 2634 87 44 they
3289 2632 140 36 called?

2034 2693 294 51 Three—Major
2357 2702 145 42 second,
2533 2705 124 35 Minor
2688 2707 132 36 second
2850 2710 74 35 and
2955 2710 236 48 Augmented
3221 2712 145 37 second.

2032 2774 112 36 What
2171 2778 31 34 is
2232 2789 21 22 a
2281 2780 124 35 Minor
2432 2783 154 34 second?

2031 2853 35 35 A
2093 2853 135 40 second
2254 2867 40 25 as
2320 2860 107 35 small
2454 2871 40 24 as
2523 2873 21 23 a
2570 2863 194 49 half-step.

2030 2931 112 37 What
2163 2935 31 36 is
2216 2946 22 23 a
2258 2934 126 47 major
2404 2938 154 37 second?

2027 3010 36 34 A
2084 3010 133 40 second
2237 3024 40 26 as
2299 3020 106 42 great
2424 3029 39 23 as
2484 3030 22 22 a
2525 3022 94 45 step.

2025 3090 113 36 What
2170 3091 32 36 is
2237 3104 48 25 an
2321 3095 236 48 Augmented
2592 3099 157 38 second?

2022 3168 36 33 A
2087 3167 132 40 second
2248 3181 40 27 as
2317 3178 105 41 great
2452 3186 40 26 as
2522 3188 23 24 a
2572 3180 83 44 step
2684 3179 74 37 and
2786 3191 24 24 a
2834 3178 195 50 half-step.
