4027 3432
444 471 35 46 3
484 454 35 51 6
1839 427 355 64 AMERICA.
2267 428 58 51 S.
2357 424 80 51 M.

529 522 120 39 ISAAC
674 517 152 42 Watts,
845 513 97 38 1719.
993 514 86 43 Key
1095 512 44 35 of
1151 513 32 32 A
1207 508 139 36 Minor.
1420 517 17 13 “
1448 515 70 29 The
1531 513 85 34 Lord
1627 512 30 29 is
1668 511 151 30 merciful
1832 510 65 26 and
1909 507 157 38 gracious,
2079 507 81 28 slow
2172 509 34 25 to
2218 512 110 27 anger,
2343 502 65 27 and
2420 498 173 38 plenteous
2604 496 36 28 in
2652 494 208 38 mercy.—Ps.
2870 492 50 27 103
2931 500 7 20 :
2954 490 39 29 8.’

3369 470 251 50 Whitmore,
3637 469 99 39 1832.

3582 518 20 30 1
3704 517 22 31 2

556 792 30 25 i.
614 777 66 47 My
697 777 80 38 soul
794 778 123 43 repeat
932 775 59 37 his
1008 770 132 52 praise,
1158 769 144 41 Whose
1320 767 147 39 mercies
1485 778 59 24 are
1561 767 116 43 great,

566 1020 32 26 2.
627 1005 99 47 High
745 1017 43 25 as
804 1006 64 36 the
884 1002 160 40 heav’ns
1061 1011 60 29 are
1138 999 118 40 raised
1272 997 118 37 above
1405 997 64 38 the
1487 994 139 46 ground
1641 1004 58 27 we
1714 992 103 37 tread

2415 750 141 42 Whose
2589 757 125 37 an-ger
2747 745 31 38 is
2811 755 40 27 so
2869 744 90 36 slow
2971 744 38 35 to
3020 740 83 45 rise,
3117 739 49 39 So
3183 740 84 37 read
3285 757 11 7 -
3312 750 26 32 y
3398 738 36 36 to
3497 745 20 26 a
3535 754 15 6 -
3568 731 94 40 bate.

3584 778 21 31 1
3706 777 23 30 2

2182 984 49 39 So
2269 984 58 36 far
2341 983 65 36 the
2422 981 117 35 riches
2600 979 38 35 of
2653 977 59 37 his
2745 984 105 36 grace

3075 969 84 40 Our
3173 967 151 46 highest
3338 962 182 49 thoughts
3536 961 144 38 exceed.

3592 1007 19 30 1
3713 1006 23 32 2

560 1282 31 34 3.
619 1268 67 37 His
704 1266 116 46 pow’r
833 1263 161 39 subdues
1007 1273 65 27 our
1083 1260 92 50 sins,
1192 1260 83 37 And
1288 1259 59 35 his
1360 1255 185 48 forgiving
1559 1255 94 44 love,

1897 1250 70 36 Far
1983 1259 41 27 as
2041 1250 63 36 the
2118 1249 80 36 east
2211 1246 31 37 is
2258 1244 93 37 from
2362 1243 62 37 the
2437 1243 107 41 west,
2565 1236 101 41 Doth
2679 1237 46 36 all
2736 1246 64 27 our
2811 1234 94 44 guilt
2921 1240 177 34 re-move,
3113 1227 101 40 Doth
3227 1229 46 35 all
3289 1238 65 25 our
3366 1224 92 46 guilt
3475 1232 172 28 re-move.

3592 1267 19 31 1
3714 1266 22 31 2

539 1498 79 38 The
636 1498 116 43 hymn
770 1497 37 34 of
824 1495 62 37 the
904 1494 116 37 above
1037 1494 88 36 tune
1142 1490 31 37 is
1191 1501 67 24 one
1276 1489 37 34 of
1331 1486 66 37 Dr.
1418 1483 140 42 Watts’
1580 1484 93 44 best,
1692 1483 72 35 and
1780 1482 81 36 first
1878 1478 177 46 appeared
2073 1479 35 34 in
2126 1477 59 35 his
2204 1474 25 19 “
2243 1472 143 38 Psalms
2403 1473 37 34 of
2461 1468 138 45 David,
2647 1464 192 47 published
2857 1464 36 35 in
2915 1473 94 32 1719.
3518 1498 7 6 .
3667 1494 23 6 ..
3827 1494 9 9 .

539 1543 80 39 The
644 1540 115 38 music
783 1550 152 35 appears
960 1538 78 35 also
1063 1537 36 34 in
1122 1534 64 39 the
1212 1531 220 39 “Southern
1459 1525 232 49 Harmony,”
1714 1528 96 42 1835,
1836 1535 93 33 page
1953 1535 57 31 27,
2036 1524 50 42 by
2113 1519 162 41 William
2302 1516 157 45 Houser,
2483 1512 73 38 and
2582 1508 210 42 “Missouri
2819 1507 200 43 Harmony,
3079 1506 97 44 1837,
3202 1513 92 33 page
3318 1511 67 34 49;
3420 1501 73 34 and
3518 1507 35 25 in
3577 1499 63 34 the
3705 1498 133 35 Sacred

452 1586 141 49 Harp,”
612 1588 50 43 by
682 1585 124 39 White
823 1584 73 36 and
916 1582 108 45 King,
1040 1581 35 36 in
1097 1577 96 49 1844,
1212 1577 72 36 and
1301 1576 88 37 later
1406 1574 165 38 editions.
1625 1571 70 40 We
1712 1571 96 35 have
1825 1569 89 36 been
1933 1567 131 37 unable
2080 1570 37 33 to
2133 1565 76 36 find
2226 1575 74 33 any
2317 1563 84 36 data
2418 1555 111 42 about
2546 1552 218 49 Whitmore,
2780 1553 63 36 the
2871 1551 130 37 author
3017 1550 38 34 of
3079 1549 61 38 the
3170 1556 126 27 music.
3347 1546 55 35 He
3420 1553 30 26 is
3467 1543 78 35 also
3568 1542 155 36 credited
3747 1542 89 35 with

451 1633 108 44 being
574 1631 64 40 the
655 1637 187 36 composer
858 1628 37 34 of
911 1626 63 38 the
991 1628 88 35 tune
1098 1623 23 17 “
1140 1620 185 46 Florida,”
1343 1631 92 33 page
1453 1629 76 35 203.
1582 1617 30 37 It
1628 1617 31 35 is
1676 1615 131 45 highly
1823 1613 170 45 probable
2010 1612 83 37 that
2107 1611 64 36 the
2184 1611 88 34 tune
2290 1616 80 28 was
2387 1602 192 48 published
2596 1600 85 44 long
2699 1598 120 37 before
2840 1597 94 42 1832.

1771 1672 558 63 NINETY-FIFTH.
2403 1670 60 51 C.
2494 1669 81 50 M.

1120 1757 19 14 “
1150 1755 81 28 Give
1241 1753 162 36 diligence
1414 1755 35 24 to
1461 1751 99 29 make
1571 1757 82 28 your
1663 1748 125 34 calling
1798 1746 66 28 and
1875 1744 140 28 election
2026 1752 89 20 sure:
2131 1741 53 27 for
2198 1740 28 27 if
2237 1748 43 27 ye
2290 1740 41 26 do
2342 1738 93 27 these
2447 1734 123 36 things,
2582 1742 43 25 ye
2635 1732 87 28 shall
2735 1737 98 21 never
2845 1726 146 30 fall.”—2
3004 1726 79 33 Pet,
3104 1725 25 27 1:
3149 1726 42 27 10.

540 1814 121 36 Isaac
684 1809 160 42 Watts,
866 1804 99 39 1707.
1013 1805 85 43 Key
1114 1802 40 34 of
1170 1803 33 30 A
1220 1798 137 47 Major.
3566 1764 183 38 Colton.

3603 1822 20 30 1
3723 1821 23 30 2

550 2064 28 25 i.
607 2049 123 40 When
747 2049 11 35 I
772 2059 67 26 can
854 2047 84 37 read
952 2058 62 32 my
1026 2045 77 36 title
1116 2039 164 48 clear,To
1291 2038 189 39 mansions
1494 2038 36 35 in
1542 2037 62 37 the
1618 2035 114 43 skies,
1755 2033 51 36 I’ll
1819 2034 59 34 bid
1890 2030 163 39 farewell
2067 2034 37 33 to
2119 2030 106 43 ev’ry
2238 2025 146 46 fear,I’ll
2399 2023 59 38 bid
2471 2020 158 39 farewell
2640 2022 37 34 to
2691 2019 105 43 ev’ry
2879 2015 89 43 fear,
3063 2011 81 38 And
3168 2011 92 43 wipe
3339 2019 62 36 my
3416 2006 166 48 weeping
3600 2014 99 36 eyes.
3724 2014 99 35 eyes.

3601 2054 20 26 x

502 2325 33 27 2.
564 2310 140 40 Should
716 2309 102 38 earth
832 2306 149 47 against
992 2316 62 33 my
1064 2304 80 36 soul
1159 2311 153 35 engage,
1317 2299 84 36 And
1411 2298 91 45 fiery
1515 2297 100 37 darts
1625 2296 45 36 be
1680 2292 250 46 hurled,Then
1947 2291 12 35 I
1972 2301 67 26 can
2053 2290 103 36 smile
2168 2292 38 33 at
2222 2284 151 40 Satan’s
2387 2293 99 34 rage,
2500 2279 106 39 Then
2622 2280 12 35 I
2647 2290 67 26 can
2728 2276 105 40 smile
2842 2277 39 35 at
2893 2271 150 39 Satan’s
3057 2282 99 35 rage,
3161 2271 82 36 And
3255 2271 79 35 face
3346 2280 23 25 a
3384 2266 183 45 frowning
3580 2264 124 38 world,
3719 2264 125 38 world.

3606 2313 18 28 JL

505 2584 31 33 3.
564 2572 118 37 There
701 2571 12 36 I
731 2569 94 37 shall
839 2566 110 38 bathe
961 2577 62 32 my
1035 2574 124 35 weary
1170 2561 78 37 soul
1263 2561 38 35 In
1313 2570 82 25 seas
1409 2560 37 34 of
1458 2555 175 47 heav’nly
1644 2557 86 41 rest,
1746 2553 83 36 And
1850 2554 64 34 not
1926 2562 22 24 a
1958 2561 105 26 wave
2075 2551 37 35 of
2124 2547 140 39 trouble
2278 2545 77 45 roll,
2371 2543 82 36 And
2468 2544 63 34 not
2544 2551 20 25 a
2574 2550 107 26 wave
2698 2540 37 33 of
2751 2532 140 45 trouble
2908 2534 63 36 roll
3071 2532 32 35 A
3127 2552 13 6 -
3165 2541 100 26 cross
3299 2539 63 35 my
3374 2526 176 46 peace-ful
3565 2524 132 37 breast,
3714 2522 133 38 breast.

554 2801 78 38 The
650 2800 151 43 original
818 2797 78 38 title
925 2796 38 37 of
990 2794 75 38 this
1083 2793 115 43 hymn
1216 2800 78 27 was
1322 2786 140 46 “Hope
1487 2788 38 34 of
1551 2782 196 46 Heaven,”
1773 2793 39 25 or
1837 2778 240 47 “Supported
2103 2777 124 38 Under
2252 2773 118 38 Trials
2397 2784 46 25 on
2470 2768 156 39 Earth.”
2679 2768 28 35 It
2734 2768 30 34 is
2792 2764 66 40 No.
2877 2765 47 36 6o
2950 2764 37 35 of
3013 2762 65 38 Dr.
3098 2759 127 39 Watts
3301 2756 144 41 Second
3469 2755 107 38 Book
3596 2753 41 40 of
3663 2752 157 49 Hymns-

464 2848 94 36 This
576 2858 78 25 was
672 2856 68 26 one
760 2845 38 34 of
814 2842 63 38 the
895 2840 144 45 leading
1057 2838 137 45 hymns
1212 2836 36 35 in
1265 2835 62 37 the
1345 2832 129 37 reform
1502 2830 210 37 movement
1734 2829 38 34 of
1799 2826 140 43 Watts,
1959 2822 153 46 Wesley
2135 2822 73 35 and
2235 2817 202 46 Whitfield,
2456 2816 75 35 and
2556 2814 31 36 is
2613 2823 68 27 one
2705 2813 38 34 of
2765 2810 64 41 the
2852 2807 175 39 standard
3049 2806 138 44 hymns
3210 2804 39 35 of
3274 2801 170 45 England
3464 2800 76 36 and
3566 2798 175 39 America.

558 2892 37 36 In
620 2892 45 36 all
689 2889 63 38 the
778 2887 117 37 books
920 2888 38 35 at
981 2895 65 25 our
1070 2880 192 39 command
1277 2880 63 35 the
1363 2876 118 39 above
1505 2877 88 35 tune
1618 2875 31 34 is
1677 2871 154 38 credited
1855 2874 37 33 to
1918 2867 151 45 Colton,
2088 2867 72 36 and
2188 2876 56 26 we
2269 2863 96 36 have
2390 2861 89 36 been
2505 2857 132 39 unable
2660 2860 37 33 to
2721 2854 76 39 find
2821 2851 181 46 anything
3027 2850 146 38 definite
3194 2849 115 38 about
3332 2847 88 34 him.

556 2936 80 36 The
651 2936 102 40 tune,
770 2926 312 48 “Ninety-fifth,”
1096 2928 32 34 is
1143 2923 193 47 published
1353 2923 36 35 in
1409 2917 201 41 “Missouri
1631 2914 232 47 Harmony,”
1884 2916 98 42 1837,
2000 2922 93 35 page
2108 2913 57 41 48,
2184 2920 41 26 as
2242 2908 80 36 well
2341 2917 41 27 as
2395 2904 170 45 previous
2583 2900 239 48 publications
2839 2898 37 37 of
2892 2898 75 35 this
2985 2896 108 37 book.
3174 2892 181 39 Southern
3375 2890 202 42 Harmony,
3626 2889 50 42 by
3696 2888 159 37 William

470 2980 166 46 Walker,
665 2980 97 44 1835,
788 2986 92 34 page
905 2985 56 34 27,
981 2972 135 37 Lowell
1144 2967 144 46 Mason,
1307 2967 44 36 T.
1383 2966 41 35 B.
1456 2962 166 47 Masson,
1644 2961 101 43 Law,
1774 2960 107 37 Little
1906 2958 72 37 and
2003 2954 134 47 Smith,
2156 2957 38 34 at
2219 2953 106 37 much
2351 2950 124 36 earlier
2498 2946 142 46 periods
2663 2946 91 37 than
2779 2943 51 45 by
2852 2941 64 38 the
2939 2940 124 39 others
3086 2935 119 43 above
3229 2935 143 40 named.
3423 2934 80 39 The
3526 2932 121 40 words
3671 2932 72 35 and
3768 2931 90 39 tune

465 3029 98 37 have
588 3024 90 37 been
703 3019 193 49 published
921 3019 35 36 in
982 3029 22 25 a
1031 3015 151 39 number
1209 3015 36 35 of
1270 3011 117 38 books
1412 3010 36 36 in
1473 3009 63 38 the
1563 3007 135 39 United
1725 3005 136 37 States.
