4042 3455
338 551 116 46 John
476 555 207 45 Cennick,
707 556 98 37 1743.

1583 431 465 64 JERUSALEM.
2123 440 63 52 L.
2225 441 81 48 M.
3569 468 74 50 53

1066 513 17 12 “
1095 512 94 34 Hope
1201 510 34 29 of
1247 511 125 29 eternal
1386 511 67 34 life,
1467 513 107 27 which
1588 512 79 35 God,
1681 513 73 29 that
1766 516 120 27 cannot
1897 514 54 35 lie,
1965 514 165 37 promised
2141 515 113 31 before
2265 517 58 28 the
2334 517 104 30 world
2450 515 282 45 began.”—Titus
2744 521 37 29 1:
2797 525 27 25 2.

855 559 86 42 Key
964 556 41 37 of
1029 560 31 30 A
1084 556 141 39 Minor.
2784 570 85 32 Arr.
2890 567 49 45 by
2958 570 89 34 Wm.
3076 570 200 42 Walker,
3305 570 119 38 about
3450 575 99 37 1832.

521 790 43 38 Je
582 810 11 7 -
611 802 79 33 sus,
732 802 62 34 my
810 791 50 37 all
921 794 37 35 to
991 791 135 39 heav’n
1145 794 30 35 is
1193 801 104 36 gone,
1322 792 54 37 He
1393 794 122 36 whom
1537 796 10 33 1
1579 796 51 35 fix
1663 806 63 35 my
1757 797 113 44 hopes
1900 810 47 31 up
1965 818 11 6 -
1994 809 60 32 on;

519 835 68 38 His
602 836 104 37 track
747 838 11 34 I
799 846 73 35 see,
906 838 71 36 and
1027 836 51 37 I’d
1140 844 148 38 pur-sue
1306 837 80 38 The
1403 849 157 27 nar-row
1577 851 85 33 way
1676 840 53 39 till
1751 842 83 36 Him
1916 844 10 34 I
1959 843 108 39 view.

517 879 78 39 The
612 892 85 33 way
727 881 64 38 the
807 882 47 36 ho
873 900 12 7 -
909 882 39 43 ly
985 880 187 48 proph-ets
1190 884 109 43 went,
1322 880 79 40 The
1418 885 85 35 road
1519 885 82 36 that
1617 884 99 38 leads
1733 887 92 35 from
1845 885 276 50 ban-ish-ment,

516 924 80 38 The
621 925 96 44 King
734 936 19 25 s
770 926 192 46 high-way
977 927 39 36 of
1032 926 47 37 ho
1105 946 12 6 -
1134 924 127 42 li-ness
1314 926 53 37 I’ll
1399 939 60 33 go,
1499 929 57 36 for
1586 930 47 35 all
1671 930 68 37 His
1755 931 110 44 paths
1882 943 60 24 are
1961 942 118 36 peace.

2008 989 17 32 1
2130 992 22 29 2

513 1195 90 41 This
629 1198 30 36 is
720 1199 63 38 the
799 1210 86 34 way
926 1199 10 35 I
955 1197 84 49 long
1057 1201 96 36 have
1171 1201 148 46 sought,
1342 1201 82 37 And
1442 1203 172 37 mourned
1632 1203 168 40 be-cause
1820 1207 11 34 I
1849 1207 113 36 found
1981 1208 27 36 it
2028 1210 74 41 not;

513 1242 65 45 My
593 1242 91 45 grief
745 1256 21 24 a
784 1244 65 37 bur
873 1263 14 6 -
910 1244 69 37 den
996 1243 85 46 long
1121 1245 68 37 has
1208 1244 103 46 been,
1331 1245 181 38 Be-cause
1531 1247 12 36 I
1560 1259 79 26 was
1657 1251 64 36 not
1737 1250 114 37 saved
1868 1252 91 35 from
1979 1251 69 37 sin.

513 1287 104 37 Then
633 1288 74 36 will
745 1289 12 35 I
788 1288 61 38 tell
909 1291 39 34 to
980 1289 161 39 sin-ners
1159 1291 129 44 round,
1313 1290 116 40 What
1445 1304 21 23 a
1484 1292 84 36 dear
1584 1290 171 41 Sav-iour
1781 1295 13 35 I
1857 1295 96 37 have
1970 1296 125 46 found;

511 1330 53 39 I’ll
581 1332 101 45 point
741 1336 37 35 to
798 1333 86 45 Thy
900 1331 158 41 re-deem
1071 1354 11 6 -
1094 1336 62 42 ing
1174 1333 118 47 blood,
1313 1334 82 38 And
1413 1346 81 35 say,
1515 1335 185 39 “Be-hold
1717 1340 63 35 the
1796 1350 86 35 way
1897 1344 37 33 to
1953 1339 127 39 God.”

2000 1387 19 29 1
2121 1388 23 29 2

2853 1345 65 38 I’m
2982 1359 46 26 on
3047 1360 63 34 my
3124 1348 174 48 jour-ney
3314 1351 108 38 home
3438 1355 38 35 to
3507 1353 63 37 the

511 1563 63 37 Lo!
609 1562 84 46 glad
758 1564 11 35 I
786 1573 114 35 come,
918 1564 71 37 and
1005 1565 104 43 thou,
1129 1564 93 39 blest
1240 1563 127 47 Lamb,
1387 1566 106 38 Shalt
1508 1568 87 36 take
1613 1579 56 25 me
1685 1570 37 35 to
1739 1570 97 43 thee,
1854 1570 128 37 whose
1999 1571 12 37 I
2029 1583 72 32 am;

510 1605 174 46 Noth-ing
740 1609 66 36 but
821 1609 57 34 sin
895 1606 97 40 have
1026 1609 12 34 I
1099 1614 38 32 to
1154 1610 98 45 give,
1273 1610 178 46 Noth-ing
1491 1612 66 36 but
1573 1612 82 37 love
1672 1613 94 37 shall
1785 1614 12 35 I
1903 1615 164 38 re-ceive.

1997 1673 19 30 1
2119 1674 22 30 2

2224 1617 67 36 I’m
2324 1628 46 28 on
2419 1630 63 34 my
2496 1620 173 46 jour-ney
2685 1621 108 39 home
2809 1624 39 34 to
2863 1621 64 38 the
2944 1633 82 27 new
3067 1622 200 40 Je-ru-sa
3284 1643 14 8 -
3318 1625 86 47 lem,

789 2035 67 38 I’m

894 2047 46 24 on
960 2046 62 35 my
1037 2036 172 46 jour-ney
1221 2036 109 39 home
1346 2041 38 34 to
1415 2041 63 35 the
1503 2050 81 27 new
1611 2039 102 40 Je-ru
1736 2060 12 7 -
1766 2042 166 46 sa-lem,
1950 2043 50 37 So

2030 2046 78 35 fare
2124 2056 73 34 you
2214 2046 95 44 well,
2328 2044 49 41 So
2393 2047 77 36 fare
2501 2059 73 33 you
2591 2047 96 46 well,
2706 2048 49 39 So
2771 2050 78 35 fare
2864 2060 73 35 you
2955 2051 95 45 well,
3072 2051 88 37 lam
3193 2062 46 35 go
3265 2072 14 6 -
3303 2053 62 46 ing
3382 2054 121 38 home.

359 2461 82 28 new
459 2447 265 50 Je-ru-sa-lem,

786 2451 63 38 I’m
890 2464 46 25 on
955 2464 63 35 my
1033 2456 171 44 jour-ney
1215 2456 107 36 home
1339 2458 37 35 to
1410 2458 62 36 the
1505 2468 82 25 new
1606 2456 103 40 Je-ru
1736 2479 12 6 -
1765 2460 162 46 sa-lem,
1948 2465 44 32 So
2024 2464 76 35 fare
2118 2474 72 34 you
2208 2464 96 44 well,
2322 2462 48 41 So
2388 2466 76 35 fare
2492 2475 74 35 you
2583 2465 99 45 well,
2703 2466 48 38 So
2767 2468 78 35 fare
2861 2478 73 35 you
2951 2468 94 44 well,
3066 2468 11 36 I
3099 2480 59 24 am
3191 2479 46 34 go
3262 2488 14 7 -
3300 2470 62 44 ing
3380 2472 122 37 home.

313 2693 80 36 The
410 2691 151 50 original
585 2694 77 40 title
678 2698 38 34 to
735 2698 72 36 this
832 2697 115 44 hymn
964 2708 79 27 was
1062 2696 184 48 “Christ,
1264 2700 63 38 the
1352 2698 165 40 Sinner’s
1536 2700 101 45 Way
1653 2703 37 36 to
1709 2703 128 36 God.”
1888 2703 98 38 John
2013 2704 172 40 Cennick
2201 2717 79 26 was
2306 2706 88 41 born
2412 2709 35 35 in
2475 2708 170 45 England
2670 2711 35 34 in
2735 2711 95 41 1718.
2882 2709 55 37 He
2961 2709 121 47 joined
3099 2712 62 35 the
3186 2710 199 42 Methodist
3402 2715 166 35 societies
3585 2715 38 34 of

223 2737 61 37 the
302 2735 187 49 Wesley’s
507 2740 109 36 when
641 2740 46 36 he
704 2751 79 27 was
801 2744 196 36 seventeen
1015 2754 107 34 years
1139 2744 70 40 old,
1229 2743 71 38 and
1326 2744 193 40 afterward
1545 2746 145 38 became
1704 2759 21 24 a
1749 2749 183 42 preacher.
1981 2750 31 36 A
2030 2751 144 44 dispute
2190 2762 103 27 arose
2312 2753 34 36 in
2364 2753 64 37 the
2444 2754 148 44 church,
2612 2755 71 36 and
2704 2754 46 37 he
2768 2754 191 38 afterward
2986 2756 159 37 founded
3163 2768 46 25 an
3228 2755 242 47 independent
3487 2759 133 36 church

222 2781 36 36 of
284 2782 58 37 his
359 2793 98 35 own,
476 2784 121 39 which
616 2794 79 29 was
720 2785 174 47 gathered
912 2787 74 38 into
1004 2788 62 38 the
1086 2788 189 42 Whitfield
1292 2789 71 38 and
1391 2790 239 47 Huntingdon
1657 2793 224 40 connection.
1932 2793 196 42 Sometime
2145 2797 93 37 after
2254 2798 82 37 that
2357 2798 46 38 he
2426 2797 121 46 joined
2571 2799 63 36 the
2662 2798 226 47 Moravians,
2905 2800 73 35 and
3004 2804 107 41 spent
3126 2802 63 35 the
3206 2800 201 40 remainder
3424 2804 37 35 of
3478 2804 59 35 his
3562 2803 60 37 life

221 2825 88 39 with
333 2828 114 39 them.
501 2829 56 36 He
574 2830 80 37 died
672 2831 36 35 in
730 2839 95 37 175s.
877 2832 55 37 He
949 2843 80 27 was
1047 2844 21 25 a
1087 2844 82 26 man
1188 2834 39 36 of
1241 2834 138 40 sincere
1395 2836 113 44 piety,
1525 2847 80 26 was
1622 2849 22 24 a
1660 2838 164 45 polished
1841 2843 85 41 poet
1941 2840 72 38 and
2030 2842 132 38 writer.
2214 2843 68 36 His
2298 2842 138 48 hymns
2453 2853 95 27 were
2565 2842 194 47 published
2781 2845 36 35 in
2836 2855 95 33 1741.
2981 2845 56 37 He
3053 2856 80 26 was
3149 2846 64 37 the
3228 2847 132 38 author
3376 2849 38 35 of
3429 2850 75 34 two
3522 2852 102 41 great

220 2870 71 38 and
316 2869 238 44 well-known
580 2875 151 46 hymns,
752 2877 23 16 “
790 2875 179 40 Children
994 2878 37 35 of
1055 2879 62 37 the
1146 2876 192 49 Heavenly
1365 2878 138 47 King,”
1523 2881 71 37 and
1618 2882 63 37 the
1706 2882 267 40 above-named
1999 2885 129 47 hymn.
2177 2886 80 38 The
2282 2889 150 40 stanzas
2458 2889 35 35 in
2520 2888 86 38 both
2633 2888 137 47 hymns
2787 2901 62 24 are
2874 2889 174 46 regarded
3072 2891 38 36 of
3133 2891 63 37 the
3220 2891 150 47 highest
3387 2893 174 37 standard
3587 2893 36 35 of

219 2913 181 48 hymnics.
453 2917 79 39 The
551 2919 71 38 last
639 2920 130 37 named
786 2921 69 37 has
871 2921 115 37 found
1004 2922 46 37 its
1068 2935 85 32 way
1171 2924 74 36 into
1265 2925 60 37 the
1341 2924 116 45 hymn
1477 2925 116 38 books
1612 2928 37 34 of
1664 2927 62 38 the
1746 2928 188 39 American
1952 2930 189 39 churches.
2194 2932 83 36 Alto
2296 2932 50 47 by
2362 2932 38 38 S.
2422 2933 50 37 M.
2494 2933 168 44 Denson,
2685 2944 95 35 1911.

309 2960 92 38 This
419 2965 87 36 tune
528 2964 30 37 is
576 2963 155 40 credited
755 2970 38 34 to
812 2966 161 40 William
996 2966 154 40 Walker
1169 2968 132 45 (about
1321 2968 110 46 1832).
1482 2969 67 38 See
1568 2969 23 17 “
1606 2970 182 39 Southern
1807 2973 234 48 Harmony,”
2060 2976 50 44 by
2133 2976 90 45 him,
2241 2987 94 36 page
2363 2988 53 33 11,
2438 2978 104 45 1835;
2572 2977 25 18 “
2610 2977 194 39 Christian
2832 2977 235 50 Harmony,”
3083 2979 52 47 by
3151 2990 102 29 same
3269 2980 145 47 author,
3432 2993 93 34 page
3542 2994 79 33 207,

222 3003 95 39 1866.
369 3005 82 40 The
466 3010 89 37 tune
572 3010 37 35 in
626 3009 48 42 its
692 3012 147 44 present
853 3012 94 37 form
965 3022 79 28 was
1060 3011 177 49 arranged
1255 3013 50 46 by
1322 3013 69 40 Mr.
1412 3014 169 48 Walker,
1598 3016 67 39 but
1678 3017 65 38 the
1759 3018 132 40 author
1907 3020 32 36 is
1956 3018 204 41 unknown.
2398 3031 192 37 copyright,
2603 3034 76 33 1909,
2692 3032 45 37 by
2747 3035 30 33 j.
2789 3035 32 26 s.
2832 3035 121 35 James.
