4019 3461
493 403 75 68 ?6

580 535 84 41 Key
688 533 45 36 of
754 534 35 33 G
813 532 134 46 Major.

1785 408 382 52 HOLINESS.
2244 410 34 48 6
2317 408 169 62 lines,
2525 424 88 48 7s.

1650 496 18 13 “
1679 494 34 28 If
1724 503 66 27 any
1798 495 35 27 of
1845 503 63 27 you
1920 496 74 26 lack
2007 495 145 35 wisdom,
2166 497 46 26 let
2225 496 71 27 him
2308 497 61 28 ask
2381 497 35 27 of
2428 498 207 37 God.”—Jas.
2649 500 36 28 1:
2702 501 25 27 5.

2159 531 129 34 “Zion
2312 532 229 45 Songster,”
2564 543 97 36 page
2686 535 30 35 7.
2765 535 44 37 U.
2830 536 35 42 J.
2890 535 126 45 King,
3037 534 96 40 1844.
3181 538 88 37 Alto
3286 540 50 45 by
3353 541 38 36 S.
3412 543 52 33 M.
3482 544 185 41 Denson,
3688 543 97 36 1911.

671 1002 165 50 Daniel’s
854 1010 149 34 wisdom
1022 1017 86 35 may
1127 1008 10 35 I
1161 1009 125 42 know,

1678 1006 134 37 John’s
1830 1008 122 35 divine
1969 1009 229 35 communion
2217 1010 81 43 feel,
2615 1012 80 37 Run
2715 1013 71 35 like
2803 1013 63 37 the
2883 1013 205 40 unwearied
3107 1014 101 45 Paul,
3228 1017 89 41 Win
3334 1018 63 37 the
3415 1018 72 44 day
3503 1019 72 36 and
3592 1029 155 36 conquer
3763 1020 60 37 all!

1153 1051 198 45 Stephen’s
1367 1053 93 37 faith
1478 1054 73 36 and
1567 1053 104 43 spirit
1686 1052 119 43 show,
2167 1055 135 34 Moses’
2320 1056 208 44 meekness,
2548 1054 179 39 Joshua’s
2745 1058 87 43 zeal;

577 1507 80 38 The
674 1507 116 39 words
807 1508 35 36 in
860 1509 62 36 the
940 1508 117 36 above
1073 1508 87 36 tune
1178 1518 59 25 are
1253 1506 112 38 taken
1383 1507 92 37 from
1495 1506 26 17 “
1534 1506 89 37 Zion
1643 1506 218 46 Songster,”
1884 1508 95 43 1832,
1998 1518 92 34 page
2108 1510 76 42 288,
2205 1509 155 37 seventh
2380 1509 145 38 edition.
2576 1510 69 37 For
2662 1512 128 37 sketch
2809 1513 37 35 of
2864 1512 41 36 E.
2925 1514 34 37 J.
2979 1513 96 46 King
3093 1526 60 25 see
3171 1514 25 19 “
3212 1512 226 46 Reverential
3458 1519 204 47 Anthem,”
3680 1532 93 35 page
3790 1533 77 34 234.

1806 1584 270 58 DESIRE
2116 1586 144 56 FOR
2298 1585 236 56 PIETY.

1322 1675 17 12 “
1351 1675 50 26 He
1413 1675 73 26 that
1498 1673 86 28 saith
1597 1674 42 26 he
1651 1672 133 29 abideth
1797 1673 35 27 in
1844 1673 71 27 him
1927 1674 103 34 ought
2041 1673 135 28 himself
2187 1675 71 26 also
2270 1677 34 25 to
2316 1676 97 33 walk,
2428 1683 79 20 even
2520 1684 35 19 as
2567 1677 43 26 he
2622 1678 215 29 walked.”—1
2847 1681 93 34 John
2953 1683 16 25 2
2982 1691 6 19 :
3005 1682 25 28 6.

576 1723 86 42 Key
680 1721 45 36 of
740 1721 30 35 C
793 1720 134 47 Major.
1989 1721 21 16 “
2023 1719 146 45 Baptist
2192 1719 239 47 Harmony,”
2457 1732 100 35 page
2578 1723 77 34 479.
2702 1726 40 32 B.
2770 1725 41 34 F.
2841 1727 165 43 White,
3024 1726 99 37 1844.
3172 1728 90 37 Alto
3277 1729 52 46 by
3343 1732 38 35 S.
3399 1734 52 33 M.
3472 1735 188 42 Denson,
3680 1734 99 38 1911.

2485 1765 197 30 CHOBU8.

663 2197 77 37 ’Tis
774 2208 62 34 my
876 2199 42 35 de
933 2198 91 36 -sire
1040 2197 90 38 with
1150 2197 85 36 God
1251 2200 37 33 to
1306 2197 112 45 walk,
1440 2197 67 35 Till
1524 2198 63 35 the
1604 2197 167 37 war-fare
1789 2197 30 35 is
1881 2207 114 34 o-ver,
2013 2198 113 37 hal-le
2151 2217 11 7 ■
2187 2198 35 36 lu
2241 2218 12 6 -
2269 2198 76 45 jah,
2361 2203 15 32 l
2394 2220 36 27 r
2435 2232 44 17 _,
2503 2222 14 17 *
2545 2233 78 17 mpn
2658 2233 92 18 nwv

659 2243 82 35 And
758 2243 89 37 with
866 2244 59 34 his
942 2241 171 39 chil-dren
1129 2252 90 34 pray
1236 2242 71 35 and
1324 2241 91 45 talk,
1438 2242 67 35 Till
1523 2243 63 35 the
1603 2241 167 38 war-fare
1788 2242 30 35 is
1879 2251 115 35 o-ver,
2013 2244 109 35 hal-le
2149 2262 11 6 -
2185 2244 36 35 lu
2240 2262 13 5 -
2268 2243 75 45 jah.
2362 2250 12 34 J
2395 2232 82 34 ury
2529 2241 11 7 '
2632 2250 8 16 ’
2658 2237 22 30 p
2723 2237 26 30 y

2825 2235 45 26 on
2902 2225 52 38 till
2979 2226 62 37 the
3068 2228 167 37 war-fare
3253 2230 31 35 is
3346 2240 21 26 o
3380 2249 14 7 -
3406 2242 77 33 ver,
3502 2232 109 37 hal-le
3629 2252 12 8 -
3665 2234 36 36 lu
3728 2254 15 7 -
3758 2234 78 46 jah.

571 2722 77 37 The
673 2721 120 39 words
819 2724 34 34 in
879 2722 62 37 the
964 2720 115 38 above
1104 2720 115 45 hymn
1245 2731 58 26 are
1330 2719 152 39 selected
1506 2721 91 35 from
1625 2718 182 47 “Baptist
1832 2717 231 48 Harmony,”
2089 2731 93 33 page
2204 2728 77 35 457.
2335 2719 28 39 It
2388 2721 30 35 is
2443 2721 64 37 not
2531 2723 34 34 in
2591 2733 74 34 any
2681 2725 37 34 of
2741 2725 62 36 the
2829 2728 118 35 recent
2971 2725 238 47 publications
3227 2728 37 37 of
3288 2729 115 45 hymn
3431 2730 127 39 books.
3612 2734 29 36 It
3662 2733 30 37 is
3717 2734 38 36 of
3778 2734 86 45 long

479 2764 185 45 standing,
684 2766 71 38 and
772 2766 191 44 published
981 2767 35 35 in
1033 2766 63 36 the
1113 2766 100 40 earlv
1228 2768 81 40 part
1324 2766 38 34 of
1377 2766 63 36 the
1459 2766 209 36 nineteenth
1686 2766 164 40 century.
1900 2763 69 37 See
1986 2764 164 36 remarks
2167 2775 46 25 on
2233 2765 42 35 B.
2296 2764 42 37 F.
2357 2762 128 47 White
2501 2767 36 35 in
2555 2768 103 36 other
2673 2772 101 39 parts
2789 2770 39 35 of
2843 2770 105 37 these
2965 2771 183 38 sketches.
