4011 3523
436 403 75 49 70
1623 391 464 55 CAINSVILLE.
2161 408 86 47 7s.
2322 392 340 72 (Original.)

1140 458 19 13 “
1168 456 143 32 Humble
1322 457 186 38 yourselves
1520 455 164 33 therefore
1696 458 104 29 under
1810 460 58 26 the
1879 459 129 34 mighty
2019 459 90 29 hand
2120 457 36 30 of
2168 460 78 33 God,
2261 460 72 28 that
2346 461 42 27 he
2400 468 77 27 may
2488 461 89 27 exalt
2588 470 65 27 you
2664 462 35 27 in
2711 462 63 29 due
2786 463 164 27 time.”—1
2969 465 79 26 Pet.
3067 464 35 29 5:
3119 466 25 25 6.

520 500 199 39 William
743 502 236 45 Hammond,
1009 503 97 35 1745.
1157 505 84 42 Key
1265 504 44 33 of
1329 505 32 31 A
1385 501 140 48 Major.
3174 512 56 34 W.
3258 513 45 32 D.
3326 513 146 46 JONES,
3498 511 118 36 about
3641 510 97 38 1867.

662 744 28 24 1.
719 732 107 45 Lord,
844 744 56 25 we
917 743 98 26 come
1048 734 43 35 be
1108 753 13 5 -
1132 734 76 35 fore
1223 732 100 39 Thee
1337 744 96 33 now,

655 788 33 25 2.
717 776 106 45 Lord,
842 788 46 25 on
907 776 100 38 Thee
1032 788 63 25 our
1127 777 100 37 souls
1246 778 43 36 de
1301 797 12 4 -
1325 778 107 44 pend;

1509 734 48 36 At
1575 734 85 43 Thy
1698 735 73 35 feet
1799 745 55 25 we
1893 736 88 35 hum
1996 754 12 7 -
2023 736 62 42 bly
2102 734 93 43 bow;

1497 779 39 35 In
1576 788 78 27 com
1667 799 15 6 -
1694 779 166 44 pas-sion
1881 790 84 26 now
2019 779 182 44 de-scend;

2276 736 38 37 O
2353 738 44 34 do
2461 739 62 34 not
2570 747 63 26 our
2673 738 74 38 suit
2786 738 168 43 dis-dain;
3022 739 99 37 Shall

2252 780 65 36 Fill
2335 790 64 28 our
2415 781 124 36 hearts
2556 782 90 38 with
2666 782 86 45 Thy
2776 783 73 36 rich
2868 793 117 33 grace,
3017 783 104 37 Tune

3152 751 54 25 we
3254 741 88 36 seek
3354 739 114 46 Thee,
3484 741 107 43 Lord,
3607 743 35 34 in
3668 742 85 36 vain
3765 743 14 34 ?

3153 795 65 25 our
3266 785 67 43 lips
3386 788 38 34 to
3486 787 82 43 sing
3584 785 86 45 Thy
3683 787 128 43 praise.

656 1049 29 33 3.
716 1038 37 35 In
804 1037 116 36 Thine
939 1048 83 27 own
1041 1050 45 33 ap
1107 1058 12 5 -
1132 1038 160 43 point-ed
1324 1050 83 32 way
1470 1039 94 38 Now
1579 1051 57 25 we
1668 1040 88 35 seek
1776 1039 113 44 Thee,
1905 1040 83 35 here
2014 1052 55 23 we
2095 1042 95 42 stay;
2242 1041 106 42 Lord,
2368 1051 55 26 we
2441 1042 113 35 know
2571 1045 63 35 not
2665 1043 85 36 how
2796 1046 37 33 to
2880 1054 60 32 go,

651 1093 32 31 4.
713 1082 97 36 Send
828 1092 100 26 some
949 1093 182 34 mes-sage
1148 1083 92 35 from
1254 1081 86 46 Thy
1350 1083 100 37 word
1465 1085 98 36 That
1581 1095 86 33 may
1682 1085 64 43 joy
1770 1084 72 36 and
1861 1095 106 33 peace
2014 1084 164 45 af-ford;
2246 1086 65 35 Let
2326 1084 85 45 Thy
2430 1085 81 44 Spir
2536 1106 15 6 -
2576 1086 26 37 it
2650 1097 83 27 now
2772 1088 146 42 im-part

3036 1043 67 36 Till
3165 1056 22 25 a
3249 1044 175 44 bless-ing
3451 1044 107 37 Thou
3584 1046 42 36 be
3639 1065 11 7 -
3669 1048 106 35 stow.

3011 1087 78 38 Full
3152 1090 53 35 sal
3231 1109 15 6 -
3263 1101 49 24 va
3330 1108 10 6 -
3354 1090 75 37 tion
3477 1093 37 34 to
3562 1089 86 38 each
3667 1092 114 35 heart.

2766 1347 56 36 lift
2854 1359 59 31 up,

656 1352 28 34 5-

652 1388 33 35 6.

2979 1347 133 45 Strong

3010 1392 65 36 Let

3145 1349 35 35 in

3136 1405 43 24 us

3242 1349 108 43 faith,
3369 1350 35 35 in

3254 1394 45 35 all
3362 1405 35 24 re

3468 1351 96 43 love,
3583 1349 71 38 and
3668 1351 105 43 hope,

3459 1396 89 43 joice
3588 1396 35 35 in
3652 1394 112 37 Thee.

2211 1344 125 38 Those
2352 1346 86 38 who
2455 1356 60 26 are
2532 1347 80 35 cast
2625 1347 107 36 down

2228 1390 90 36 Heal
2334 1391 63 36 the
2415 1390 92 42 sick,
2540 1390 64 37 the
2643 1402 65 32 cap
2722 1410 11 6 -
2749 1392 76 35 tive
2841 1393 87 43 free,

713 1343 188 38 Com-fort
917 1344 107 37 those
1040 1345 85 35 who
1143 1355 100 33 weep
1262 1344 71 36 and
1352 1355 138 32 mourn;
1514 1344 66 37 Let
1595 1345 63 36 the
1674 1345 86 36 time
1778 1345 37 35 of
1860 1345 64 43 joy
2007 1356 36 24 re
2054 1364 11 6 -
2078 1346 97 40 turn;

715 1388 120 37 Grant
852 1389 81 36 that
951 1389 45 36 all
1030 1400 85 32 may
1132 1389 88 35 seek
1253 1390 72 35 and
1340 1389 75 36 find
1465 1389 99 35 Thee
1596 1401 23 24 a
1681 1388 86 37 God
1784 1400 43 25 su
1840 1408 12 6 -
1864 1401 119 32 preme
1995 1409 13 6 -
2020 1390 39 43 ly
2074 1389 101 45 kind;

522 1616 62 39 W.
606 1618 45 35 D.
675 1617 126 44 Jones,
821 1629 39 24 or
878 1616 23 16 “
917 1617 122 39 Willis
1054 1618 22 18 ”
1097 1618 126 44 Jones,
1242 1629 41 24 as
1308 1619 46 35 he
1372 1619 30 36 is
1428 1619 145 43 usually
1589 1618 124 45 called,
1731 1619 85 36 who
1833 1620 194 42 composed
2050 1620 63 35 the
2137 1619 117 37 above
2270 1623 101 41 tune,
2391 1620 135 36 resides
2552 1620 34 35 in
2605 1618 143 39 Carroll
2774 1620 168 44 County,
2963 1620 173 46 Georgia,
3155 1622 71 36 and
3250 1622 69 36 has
3344 1622 96 37 lived
3464 1624 100 37 there
3588 1622 48 38 all
3660 1625 59 34 his
3744 1624 72 35 life.

428 1661 58 36 He
510 1660 31 37 is
566 1673 22 24 a
614 1662 157 36 member
795 1663 37 34 of
860 1662 62 36 the
949 1662 143 44 Baptist
1115 1663 148 43 church,
1290 1665 30 33 is
1345 1674 21 24 a
1394 1667 102 40 great
1524 1664 99 35 lover
1647 1665 37 34 of
1712 1663 125 37 sacred
1863 1665 127 42 music,
2017 1664 71 36 and
2117 1663 69 37 has
2214 1663 193 46 composed
2436 1664 123 36 sacred
2583 1665 119 36 tunes.
2756 1664 54 36 He
2834 1666 69 35 has
2930 1659 88 42 been
3043 1677 22 25 a
3090 1668 159 33 member
3272 1667 37 35 of
3334 1664 305 45 Chattahoochee
3664 1667 154 40 Musical

429 1704 240 39 Convention
687 1707 55 34 for
757 1708 98 41 forty
872 1717 119 34 years,
1011 1708 71 35 and
1099 1719 78 24 was
1195 1708 140 34 several
1352 1708 107 36 times
1476 1711 63 33 tax
1557 1708 163 36 collector
1736 1709 37 34 of
1791 1708 58 36 his
1867 1711 147 41 county.

521 1750 79 38 The
617 1751 115 46 hymn
749 1754 36 34 to
803 1751 75 37 this
896 1754 87 35 tune
1001 1753 30 35 is
1048 1753 112 36 taken
1177 1752 92 35 from
1290 1752 170 37 Mercer’s
1480 1751 24 18 “
1518 1751 194 45 Cluster,”
1731 1752 192 44 published
1941 1754 35 35 in
1999 1755 94 42 1823.

1240 1898 6 10 *
1253 1898 5 10 1
1267 1896 70 26 The
1350 1895 84 31 Lord

515 1943 112 42 John
652 1944 205 38 Cennick,
886 1942 98 34 1743.
1034 1945 86 40 Key
1142 1943 47 32 of
1208 1942 30 33 F
1262 1942 138 34 Minor.

1722 1829 212 59 SAVE,
1976 1831 291 50 MIGHTY
2307 1831 217 55 LORD.

1604 1903 66 21 was
1682 1895 146 30 received
1841 1904 44 26 up
1903 1896 72 27 into
1986 1897 135 32 heaven,
2135 1897 65 26 and
2213 1901 50 23 sat
2275 1900 33 24 at
2322 1898 57 27 the
2391 1898 89 33 right
2492 1898 89 27 hand
2595 1897 34 29 of
2642 1899 250 29 God.”—Mark
2906 1900 49 26 16:
2977 1901 40 26 19.

2386 1946 34 40 J.
2448 1946 43 31 A.
2517 1953 87 24 and
2628 1947 30 40 J.
2688 1946 41 33 F.
2753 1947 143 38 Wade,
2925 1946 98 32 1854.
3073 1947 264 43 Re-arranged
3358 1946 53 44 by
3432 1948 33 43 J.
3491 1949 39 34 S.
3551 1950 48 41 J.,
3628 1949 100 34 1909.

1801 1988 19 30 1
1923 1988 21 29 2
1968 1986 205 26 CHORUS.,

672 2173 10 31 (
700 2170 43 37 Je
769 2190 11 7 -
806 2181 78 33 sus,
904 2181 62 33 my
998 2172 58 43 all,
1095 2174 38 34 to
1150 2171 136 36 heav’n
1305 2171 30 35 is
1353 2181 106 34 gone,
1479 2171 111 44 Save,
1610 2172 158 44 might-y
1785 2171 106 43 Lord,
2005 2176 14 31 1
2040 2193 38 36 q

671 2219 13 35 I
700 2216 54 37 He
771 2216 123 35 whom
930 2215 11 35 I
1002 2216 50 36 fix
1094 2227 62 33 my
1172 2217 114 42 hopes
1304 2226 126 34 up-on,
1479 2215 111 40 Save,
1609 2216 164 44 might-y
1884 2217 104 35 Lord.
2007 2220 15 37 J

1803 2261 20 31 1
1926 2262 22 29 2

2118 2205 104 33 save,
2240 2205 104 34 save,
2363 2196 160 43 might-y
2540 2194 107 47 Lord,
2668 2197 82 35 And
2768 2197 90 36 send
2875 2197 246 44 con-vert-ing
3138 2208 136 33 pow-er
3291 2199 121 41 down,
3432 2197 98 39 Save
3548 2199 144 45 mighty
3709 2199 106 37 Lord.

589 2480 32 25 2.

696 2446 78 37 The
792 2458 85 31 way
894 2447 62 35 the
1003 2448 47 34 ho
1068 2467 13 5 -
1098 2447 37 43 ly
1174 2447 152 44 prophet
1338 2449 112 42 went,
1479 2446 108 43 Save,
1610 2447 158 43 might-y
1786 2445 107 45 Lord,

696 2489 78 39 The
793 2492 84 34 road
895 2492 82 36 that
994 2492 98 35 leads
1109 2492 92 34 from
1215 2491 248 44 banishment,
1480 2490 110 44 Save,
1611 2492 161 43 might-y
1883 2491 105 35 Lord.

1799 2536 20 30 1
1922 2537 22 28 2

2039 2468 38 37 O
2117 2479 104 35 save,
2239 2481 103 32 save,
2363 2471 159 43 might-y
2539 2469 108 47 Lord,
2667 2471 82 35 And
2767 2472 90 35 send
2874 2472 244 45 con-vert-ing
3134 2483 137 33 pow-er
3287 2473 123 43 down,
3429 2471 96 38 Save
3544 2472 145 46 mighty
3707 2473 106 38 Lord.

585 2758 30 29 3.
790 2723 40 35 K’
837 2735 47 32 ng
1251 2743 12 8 '
1281 2725 21 35 I’
1317 2744 14 7 ’
1345 2735 84 26 ness
1435 2752 8 15 ’
1476 2723 26 68 |
1504 2735 68 25 ave
1578 2752 8 14 »
1608 2723 159 45 might-y
1784 2720 107 42 Lord,
2037 2742 39 37 q
2116 2754 89 26 save
2238 2755 89 25 save
2361 2755 32 24 m
2399 2745 121 43 ight-y
2537 2743 107 48 Lord,
2665 2747 82 35 And
2763 2747 89 35 send
2871 2747 246 44 con-vert-ing
3134 2757 136 33 pow-er
3288 2747 122 41 down,
3429 2746 97 38 Save
3547 2747 145 46 mighty
3709 2748 106 38 Lord.

690 2770 11 35 I
720 2769 22 35 11
834 2779 60 33 go,
912 2770 57 35 for
984 2769 46 36 all
1049 2769 68 36 His
1134 2770 110 43 paths
1261 2780 60 25 are
1337 2779 121 34 peace,
1478 2768 111 45 Save,
1610 2768 160 44 might-y
1881 2771 106 31 Lord.
2636 2773 8 17 ’
3094 2773 23 18 &
3599 2775 22 18 b
3668 2775 16 17 J

509 2823 98 38 John
635 2821 172 44 Cennick
830 2835 79 25 was
935 2823 87 39 born
1042 2826 35 34 in
1100 2827 84 41 1718
1208 2825 71 36 and
1305 2825 79 36 died
1410 2826 35 34 in
1467 2833 94 35 1755.
1616 2824 53 35 He
1687 2833 78 26 was
1783 2834 45 25 an
1856 2823 153 43 English
2037 2823 202 39 Moravian,
2259 2824 71 34 and
2356 2823 192 43 published
2573 2824 63 37 the
2652 2824 116 37 above
2786 2826 120 34 words
2932 2826 34 34 in
2990 2836 95 33 1743,
3104 2826 133 37 twelve
3262 2837 106 33 years
3386 2826 121 37 before
3531 2827 46 37 he
3595 2827 92 37 died.
3737 2827 81 39 The

419 2879 107 26 name
543 2870 37 35 of
596 2870 63 37 the
677 2877 91 36 song
787 2880 88 25 was.
899 2867 24 18 “
937 2867 38 39 O
995 2868 139 37 Save.”
1186 2869 70 38 We
1273 2870 96 35 have
1387 2869 165 45 changed
1570 2869 27 36 it
1612 2872 52 39 to,
1684 2867 23 17 “
1722 2868 111 43 Save,
1854 2867 147 43 Mighty
2019 2866 136 37 Lord.”
2206 2867 67 36 See
2291 2869 164 35 remarks
2472 2869 38 34 of
2527 2868 74 36 him
2620 2869 35 36 in
2674 2870 102 36 other
2794 2872 100 40 parts
2911 2871 37 34 of
2965 2871 75 36 this
3060 2871 129 36 books.

511 2912 33 37 J.
568 2914 41 36 A.
630 2913 71 37 and
722 2912 32 37 J.
778 2912 40 37 F.
838 2914 120 35 Wade
974 2914 95 36 lived
1088 2914 34 36 in
1142 2912 115 39 South
1277 2912 176 38 Carolina
1470 2914 108 36 when
1596 2914 91 43 they
1704 2910 193 47 composed
1921 2912 62 36 the
2001 2912 116 35 above
2141 2911 126 38 music.
2318 2912 147 36 Several
2482 2913 37 34 of
2543 2911 93 39 their
2653 2924 114 34 songs
2785 2915 175 42 appeared
2979 2915 35 34 in
3034 2913 26 18 “
3073 2915 115 36 Social
3209 2915 142 45 Harp,”
3370 2915 192 46 published
3580 2917 50 44 by
3647 2915 98 38 John
3764 2915 51 40 G.

420 2955 199 50 McCurry,
639 2959 35 35 in
698 2958 93 45 1855.
846 2957 69 40 We
931 2968 66 28 can
1016 2958 122 38 obtain
1156 2969 48 27 no
1218 2958 141 38 further
1375 2960 96 38 trace
1488 2960 38 35 of
1541 2958 114 37 them.
1707 2955 106 47 They
1828 2967 95 25 were
1940 2956 177 48 probably
2134 2956 177 38 brothers.
2837 2968 194 35 copyright,
3046 2970 75 33 1909,
3136 2970 43 33 by
3188 2971 30 32 j.
3233 2969 29 27 s.
3271 2972 123 31 James.
