4030 3430
485 429 62 47 20
1631 421 484 61 RUDIMENTS.

714 522 37 35 In
769 525 105 34 vocal
891 528 116 32 music
1026 525 114 34 would
1159 535 104 23 mean
1284 528 110 33 Missa
1412 528 34 32 di
1461 528 98 32 Voce
1576 524 128 45 (which
1722 525 74 44 see)
1826 523 254 38 Instrumental

417 581 114 33 music
547 583 26 30 it
591 575 115 41 would
722 581 74 32 also
816 590 105 23 mean
940 580 192 35 crescendo
1152 580 69 33 and
1239 579 237 39 diminuendo.

615 632 102 40 Hold,
738 646 21 22 a
774 635 182 34 character
976 637 193 42 indicating
1183 638 74 32 that
1277 639 58 33 the
1347 643 85 29 time
1451 639 36 31 of
1504 638 59 34 the
1580 643 94 34 note,
1694 650 38 21 or
1750 643 73 29 rest
1841 640 32 30 is
1892 643 32 28 to
1938 639 44 31 be
2001 647 61 32 pro­

417 689 150 46 longed;
616 692 52 34 To
686 692 89 35 such
794 694 121 41 length
933 694 36 31 of
994 695 86 31 time
1095 703 42 23 as
1154 693 59 32 the
1230 693 162 40 director,
1412 694 117 34 leader
1546 705 38 22 or
1600 695 197 41 performer
1813 704 86 31 may
1914 695 115 32 desire
2046 699 35 28 to

419 750 78 40 give
516 747 59 33 the
592 748 78 34 best
689 747 110 34 effect
818 752 34 29 to
874 747 58 34 the
957 750 125 32 music.

635 799 130 46 Segno.
814 801 32 33 A
864 804 78 40 sign
961 802 160 42 showing
1139 803 74 34 that
1237 804 59 33 the
1313 808 117 31 music
1448 807 31 32 is
1503 811 34 28 to
1554 806 45 32 be
1614 806 168 40 repeated
1806 806 90 33 from
1916 805 59 34 the
1999 807 78 42 sign

417 884 113 34 above
555 881 191 42 indicated.

660 945 135 43 Repeat
811 947 191 43 preceding
1025 958 177 23 measure.

597 1057 33 33 Is
649 1056 126 36 double
793 1057 115 41 sharp.

1421 1139 137 41 Repeat
1574 1141 98 40 signs
1688 1143 34 31 in
1737 1139 162 36 different
1910 1151 150 33 arrange­

1385 1189 117 29 ments
1522 1185 35 32 of
1574 1188 126 35 music,
1731 1187 249 32 instrumental
2009 1187 69 32 and

1384 1230 116 33 vocal.

615 1296 136 38 Redite.
775 1299 135 41 Repeat
927 1300 125 33 words.
1245 1299 141 36 Thumb
1406 1298 247 46 (pfts-music.)
1668 1303 191 31 American
1875 1305 200 40 Fingering.

566 1377 123 38 Added
707 1381 89 33 lines
815 1385 33 29 to
888 1382 69 32 call
975 1384 171 31 attention
1166 1386 33 28 to
1217 1384 183 41 repetition
1415 1384 88 33 dots.
1533 1385 61 32 Bis
1613 1387 29 30 is
1658 1386 76 31 also
1763 1387 210 31 sometimes
1992 1386 86 32 used

522 1479 40 24 as
581 1480 22 22 a
617 1472 122 40 repeat
764 1470 113 34 mark.

564 1583 164 37 Mordent
746 1584 68 33 and
1018 1585 144 32 Praller.
1320 1578 192 44 Breathing
1530 1579 112 33 Mark.

599 1668 95 36 Trill:
724 1673 152 31 consists
893 1672 36 31 of
946 1681 21 23 a
990 1670 99 42 rapid
1116 1671 185 34 alteration
1326 1670 35 31 of
1379 1669 58 32 the
1456 1667 137 42 printed
1611 1673 82 27 note
1722 1668 69 32 and
1817 1668 57 34 the
1891 1675 84 27 next
1994 1675 83 29 note

415 1727 126 40 above,
562 1732 33 29 to
615 1726 58 34 the
690 1726 110 34 value
817 1727 37 31 of
870 1726 59 33 the
942 1728 136 40 printed
1092 1731 94 28 note.

2254 422 353 53 Continued.

2301 523 86 33 This
2402 530 81 37 stgn
2501 525 172 33 indicates
2691 524 59 36 the
2762 519 243 42 continuation
3020 527 37 34 of
3075 526 59 35 the
3152 522 78 44 trill,
3249 537 38 23 or
3305 538 45 24 an
3364 532 145 36 octave.-

2220 580 136 41 Repeat
2374 580 114 43 figure
2505 582 36 31 of
2558 580 97 41 eight
2672 584 112 31 notes.
2940 579 137 45 Repeat
3091 584 191 41 preceding
3298 582 115 45 figure
3430 586 37 31 of
3483 589 136 32 sixteen
3633 592 113 29 notes?.

2494 649 30 31 A
2659 651 113 32 stave.
3077 647 29 35 A
3122 651 76 32 bar.
3453 652 30 32 A
3500 652 128 34 double
3643 654 79 33 bar?

3544 741 115 34 Grace
3683 743 110 39 notes.

2368 822 76 33 The
2462 823 90 34 coda
2569 824 113 33 mark.
2733 824 88 33 First
2841 826 86 32 time
2944 825 35 32 of
2996 824 145 44 playing
3158 824 180 45 disregard
3363 825 59 34 the
3435 827 90 44 sign.
3573 824 144 37 Second
3736 828 89 33 time

2160 888 89 34 after
2272 889 41 32 D.
2333 890 40 31 C.
2407 889 78 42 skip
2502 890 93 32 from
2614 889 70 33 this
2701 892 78 40 sign
2799 896 33 27 to
2851 890 60 33 the
2925 891 100 38 coda,
3075 892 219 32 Sometimes
3318 892 59 33 the
3393 894 80 41 sign
3489 894 31 31 is
3537 894 76 33 also
3630 893 128 43 placed
3786 901 37 27 at

2161 954 63 33 the
2237 955 102 33 coda.

2289 1031 98 32 Coda
2401 1027 72 46 (It.)
2502 1029 150 44 (ko-da.)
2682 1030 77 34 The
2776 1033 77 37 end;
2874 1044 21 22 a
2908 1033 69 32 few
2993 1033 83 34 bars
3093 1032 114 34 added
3225 1038 33 29 to
3280 1033 58 34 the
3355 1032 68 35 end
3439 1036 40 31 of
3492 1045 22 23 a
3532 1037 101 41 piece
3648 1037 41 32 of
3709 1039 119 30 music

2158 1101 33 29 to
2207 1099 106 31 make
2330 1107 21 23 a
2367 1106 99 25 more
2485 1098 168 34 effective
2668 1100 238 34 termination.
2934 1100 103 32 From
3055 1101 61 33 the
3133 1102 112 35 Latin,
3262 1097 246 41 “Cauda*’—a
3524 1102 72 35 tail.
3633 1103 77 33 The
3720 1104 101 32 coda?

2158 1163 187 43 originally
2362 1173 22 23 a
2396 1163 69 33 few
2482 1164 116 34 added
2615 1164 129 34 chords
2760 1167 89 32 after
2870 1166 59 32 the
2942 1166 215 42 completion
3175 1167 36 32 of
3229 1166 60 34 the
3307 1167 152 35 musical
3471 1168 105 34 form.

2848 1242 159 33 CLEFS.
3086 1241 100 34 Clefs
3221 1252 60 22 are
3300 1241 88 43 keys
3405 1252 38 23 or
3467 1242 205 36 characters
3686 1245 86 32 used
3788 1248 34 28 to

2847 1285 201 35 determfne
3065 1287 60 31 the
3144 1297 106 22 name
3268 1287 37 31 of
3323 1287 96 41 pitch
3435 1297 40 22 or
3508 1287 60 33 the
3583 1292 102 30 notes
3702 1299 44 21 on
3765 1288 60 33 the

2845 1331 86 32 staff
2948 1334 35 28 to
3000 1330 116 34 which
3143 1333 28 31 it
3201 1333 31 31 is
3259 1330 172 43 prefixed.
3477 1331 75 33 The
3568 1333 70 33 clef
3654 1333 115 42 began
3788 1335 34 29 in

2158 1439 117 31 music
2290 1440 107 31 about
2412 1438 78 39 900;
2512 1439 99 34 there
2622 1448 95 24 were
2735 1440 83 33 then
2832 1453 45 25 no
2895 1447 113 29 notes.
3038 1440 32 34 G
3092 1440 95 40 Clef,
3204 1441 29 34 C
3249 1440 79 36 Clef
3344 1443 72 34 and
3436 1444 25 31 F
3478 1444 89 32 Clef.

2461 1507 221 40 Signatures.
2731 1507 146 43 Figures
2890 1519 38 22 or
2947 1511 99 41 signs
3070 1511 34 31 in
3123 1509 59 33 the
3200 1510 90 32 form
3311 1512 36 30 of
3361 1521 20 21 a
3394 1509 161 39 fraction,
3570 1509 126 43 placed
3709 1514 36 28 at
3764 1499 36 42 t^
3804 1508 19 22 e

2459 1563 195 42 beginning
2669 1563 37 32 of
2723 1573 23 23 a
2760 1566 101 39 piece
2879 1565 37 32 of
2931 1566 117 33 music
3061 1571 35 27 to
3112 1566 156 32 indicate
3281 1565 59 34 the
3357 1568 97 35 time,
3474 1566 63 33 but
3548 1575 88 33 very
3649 1566 89 32 little
3747 1575 79 22 now

2500 1618 112 33 Time:
2638 1616 92 35 That
2746 1618 116 35 which
2881 1629 153 34 governs
3052 1621 58 32 the
3124 1630 165 23 measure
3302 1621 37 33 of
3355 1621 132 33 sounds
3505 1623 33 30 in
3552 1621 126 43 regard
3689 1627 35 27 to
3736 1621 89 33 their

2155 1674 240 33 continuence
2413 1683 38 23 or
2469 1674 174 33 duration.
2690 1673 76 36 The
2778 1676 108 41 speed
2903 1676 36 33 of
2955 1674 134 46 rythm.
3138 1676 75 33 The
3230 1676 151 43 rapidity
3405 1676 83 33 with
3505 1675 113 35 which
3636 1676 59 34 the
3723 1681 85 29 natu­

2156 1729 55 33 ral
2228 1733 149 30 accents
2392 1727 124 35 follow
2534 1729 88 34 each
2640 1729 110 36 other.

1214 1876 304 57 CANON.
1556 1877 57 52 A
1648 1878 233 62 Round;
1906 1879 136 54 four
2055 1883 161 52 Parts
2235 1885 57 49 in
2316 1883 146 53 One.
2538 1886 89 50 7s.

632 2220 197 36 Welcome,
849 2219 183 38 welcome,
1054 2220 114 41 ev’-ry
1191 2223 112 39 guest,
1332 2217 184 36 Welcome
1563 2222 34 29 to
1622 2229 62 22 our
1775 2221 114 32 music
1936 2222 101 34 feast:
2088 2225 60 32 Mu
2166 2242 14 5 -
2198 2225 51 32 sic

626 2275 29 33 a
2113 2281 18 23 *

2338 2225 31 31 is

2460 2233 63 23 our
2568 2224 126 43 on-ly
2741 2224 118 40 cheer,
2909 2223 84 35 Fills
3010 2221 85 37 both
3112 2225 77 32 soul
3224 2224 68 34 and
3338 2236 64 23 rav
3417 2243 16 6 -
3447 2224 92 35 ish’d
3575 2234 70 25 ear.

591 2505 149 37 Sa-cred
758 2506 103 38 Nine,
883 2504 102 34 teach
1032 2515 43 23 us
1123 2503 58 35 the
1199 2501 337 43 mood,—Sweetest
1553 2509 102 30 notes
1669 2510 33 27 to
1749 2505 44 32 be
1840 2504 301 47 ex-plored,-Soft
2156 2526 15 5 -
2187 2509 34 41 ly
2313 2509 96 32 swell
2456 2508 58 33 the
2540 2508 204 43 tremb-ling
2776 2513 62 33 air,
2931 2511 50 31 To
3028 2510 176 42 complete
3252 2520 63 24 our
3332 2516 160 28 con-cert
3538 2512 77 34 fair.

1417 2590 173 53 FIRE
1625 2589 298 58 ALARM.
1965 2592 68 53 In
2054 2595 153 52 Four
2242 2594 179 58 Parts,

664 2692 19 30 1
1402 2683 765 47 2^
2819 2695 25 30 4=

635 2891 95 36 Bells
748 2903 59 22 are
826 2893 150 42 ringing,
1000 2888 140 38 What’s
1159 2892 57 33 the
1237 2895 139 37 matter,
1397 2894 70 31 See
1487 2892 57 32 the
1561 2892 125 34 smoke
1706 2893 68 34 and
1791 2892 84 34 hear
1896 2892 58 33 the
1972 2893 136 37 clatter,
2130 2895 88 37 Fire,
2311 2894 89 38 Fire,
2423 2892 87 40 Fire,

2650 2894 87 36 Fire,
2812 2894 91 33 Pour
2918 2905 43 23 on

3069 2899 122 29 wa-ter

3284 2892 86 35 Pour
3422 2905 44 23 on

3556 2898 135 32 wa-ter.
