4061 3461
554 426 60 48 14
1751 408 463 63 RUDIMENTS

555 537 37 32 In
610 545 63 25 our
692 540 138 38 system
847 536 36 32 of
900 535 151 33 musical
1070 535 170 38 notation,
1260 532 59 34 the
1336 532 95 43 pitch
1445 533 28 32 C
1490 533 30 32 is
1538 529 169 38 assumed
1721 541 41 24 as
1781 540 21 24 a
1835 529 150 44 starting
2019 527 113 41 point,

467 602 71 33 and
554 602 48 34 all
618 601 115 43 keyed
745 603 244 37 instruments,
1009 611 41 23 as
1065 601 126 41 pianos
1208 600 68 33 and
1290 609 129 33 organs
1435 609 60 22 are
1509 597 228 36 constructed
1749 609 39 22 so
1806 607 40 23 as
1879 600 34 29 to
1947 594 83 42 play
2060 592 76 34 half

464 673 98 37 steps
576 668 163 35 between
759 669 27 32 E
806 668 69 34 and
893 669 37 37 F,
948 667 71 34 and
1036 667 27 32 B
1081 667 70 33 and
1168 668 39 36 C,
1229 667 70 32 and
1314 665 115 34 whole
1446 669 97 37 steps
1560 664 161 35 between
1740 665 48 32 all
1805 663 59 33 the
1882 661 99 35 other
2001 659 133 36 letters.

552 733 204 41 Therefore,
774 734 104 35 when
899 734 59 34 the
974 735 97 33 scale
1087 737 30 31 is
1134 734 112 34 based
1262 745 45 21 on
1327 733 39 37 C,
1383 733 60 32 the
1461 729 103 36 Clefs
1583 733 86 32 used
1688 736 33 28 to
1738 728 155 36 indicate
1907 727 60 34 the
1983 728 152 41 position

463 801 70 33 and
550 800 100 36 order
668 803 38 32 of
724 802 57 33 the
799 803 134 40 letters,
951 812 60 22 are
1027 801 182 35 sufficient
1226 802 75 32 also
1320 804 34 29 to
1374 800 92 32 form
1485 800 45 31 its
1546 798 194 44 signature,
1759 797 70 33 and
1846 795 59 35 the
1922 794 106 34 white
2046 795 90 41 keys

464 869 82 41 play
566 867 59 34 the
643 870 100 33 order
763 870 36 32 of
814 870 170 32 intervals
1002 867 161 44 required
1177 873 33 28 to
1228 870 193 30 constitute
1440 865 57 34 the
1516 867 113 42 Major
1646 865 168 34 Diatonic
1831 863 120 43 Scale,
1968 872 40 23 as
2018 870 101 34 repre­

464 934 126 34 sented
607 945 44 24 on
669 946 92 32 page
777 936 32 34 7.
859 937 65 31 For
938 935 70 34 this
1024 944 126 26 reason
1171 936 58 32 the
1248 936 69 40 key
1330 934 37 33 of
1380 935 28 32 C
1420 936 31 30 is
1468 932 198 44 frequently
1683 931 134 43 spoken
1836 931 35 31 of
1891 940 40 23 as
1964 929 58 33 the
2057 934 60 29 nat­

466 1001 76 33 ural
561 1002 81 42 key.

1030 1089 54 47 C
1114 1088 231 50 Scale.

666 1364 59 35 Fa.

816 1365 76 34 Sol.

987 1367 59 31 La.

1143 1366 60 32 Fa.

1274 1365 74 33 Sol.

1444 1365 60 32 La.

1600 1365 59 31 Me

1753 1362 59 31 Fa.

691 1422 10 31 1

839 1422 22 32 2

995 1422 21 32 3

1151 1422 22 31 4

1285 1418 21 34 5

1439 1420 21 32 6

1595 1420 20 33 7

1751 1420 20 32 8

687 1537 32 36 C

835 1537 31 34 D

997 1539 28 33 E

1140 1540 25 31 F

1278 1535 35 35 G

1440 1539 32 31 A

1602 1539 44 35 B.

1744 1540 25 31 C

510 1681 57 33 All
583 1680 101 35 other
700 1683 88 41 keys
804 1684 138 35 require
959 1681 59 33 the
1035 1680 243 43 employment
1295 1681 36 32 of
1349 1680 109 33 either
1474 1679 126 43 sharps
1619 1691 37 22 or
1675 1681 85 33 flats
1771 1683 35 30 in
1836 1680 58 33 the
1931 1680 196 43 signature,

466 1758 41 23 as
521 1747 70 33 will
607 1758 87 25 soon
711 1759 142 32 appear.
901 1746 113 35 When
1032 1757 72 32 any
1117 1747 100 33 other
1233 1746 96 42 pitch
1349 1747 83 32 than
1451 1747 28 31 C
1492 1748 30 31 is
1540 1746 104 35 taken
1662 1757 40 23 as
1719 1748 77 32 One
1812 1749 37 31 of
1868 1748 59 32 the
1956 1747 110 39 scale,
2101 1749 27 31 it

466 1826 19 23 s
499 1815 75 33 said
592 1820 34 30 to
645 1817 45 32 be
705 1813 157 36 TRANS
876 1813 174 35 POSED.

465 2215 41 25 as
518 2207 77 32 four
608 2206 150 43 degrees
773 2206 125 37 below,
916 2204 86 35 both
1020 2205 143 44 leading
1180 2211 33 28 to

466 2262 59 34 the
541 2272 102 26 same
659 2265 97 40 point
772 2265 35 30 in
820 2262 63 35 the
893 2261 117 38 Scale,
1030 2261 92 35 thus:

509 1925 114 34 There
635 1938 61 22 are
710 1932 66 28 two
793 1928 211 41 systematic
1022 1937 99 32 ways
1138 1927 35 32 of
1193 1929 223 38 transposing
1436 1926 58 32 the
1513 1926 107 38 scale.
1668 1927 77 33 One
1755 1929 30 30 is
1801 1927 46 40 by
1865 1926 99 34 fifths
1983 1926 68 33 and
2070 1925 58 34 the

465 1992 99 34 other
588 1993 48 43 by
654 1994 147 33 fourths.
850 1994 50 32 To
918 1998 186 36 transpose
1122 1993 59 33 the
1197 1994 97 32 scale
1310 1993 47 41 by
1376 1992 142 33 fifthsis
1537 1996 33 30 to
1591 2004 106 22 move
1713 1994 26 31 it
1759 2003 45 30 up
1833 1993 103 33 FIVF
1969 1993 159 42 Degrees

467 2060 135 44 Higher
620 2070 37 25 or
676 2063 126 32 FOUR
820 2063 140 40 Degree
977 2062 133 40 Lower,
1128 2062 69 32 and
1215 2065 33 28 to
1267 2066 183 35 transpose
1467 2061 47 38 by
1531 2059 138 36 fourths
1684 2062 31 32 is
1732 2065 34 28 to
1780 2071 106 22 move
1903 2063 25 30 it
1946 2070 45 31 up
2004 2060 125 33 FOUR

467 2130 158 41 Degrees
640 2128 146 42 Higher;
808 2139 37 23 or
866 2128 141 33 DOWN
1027 2128 104 33 FIVE
1151 2126 159 42 Degrees
1328 2127 133 33 Lower.
1513 2128 84 35 Five
1611 2128 149 42 degrees
1775 2129 114 32 above
1905 2130 31 31 is
1953 2128 59 32 the
2029 2137 101 24 same

1264 2196 91 31 Four
1386 2195 152 40 degrees
1567 2196 116 32 above
1711 2197 34 30 is
1769 2194 61 32 the
1845 2205 101 23 same
1971 2193 101 43 thing
2088 2204 40 22 as

1263 2237 70 35 five
1349 2240 149 39 degrees
1513 2238 124 40 below,
1656 2240 84 33 both
1753 2240 143 41 leading
1909 2245 33 27 to
1955 2239 60 33 the
2026 2249 101 23 same

1260 2287 96 39 point
1374 2286 35 29 in
1427 2284 60 33 the
1505 2284 117 39 Scale,
1642 2283 82 35 thus
1739 2293 6 24 :

512 2661 38 32 In
581 2662 254 42 commencing
866 2673 21 22 a
917 2662 111 33 series
1055 2661 36 32 of
1122 2661 269 41 transpositions
1416 2661 38 31 of
1487 2659 58 32 the
1575 2661 118 36 Scale,
1715 2659 162 33 whether
1892 2659 48 41 by
1959 2658 110 38 fifths,
2088 2669 37 21 or

465 2726 150 38 fourths,
634 2729 59 32 the
709 2729 76 33 fisrt
802 2728 247 42 transposition
1067 2731 95 30 must
1178 2728 43 32 be
1238 2727 105 33 made
1359 2727 92 31 from
1470 2725 58 33 the
1545 2726 69 43 key
1632 2728 36 31 cf
1685 2728 39 37 C,
1740 2726 70 33 and
1827 2725 189 34 thereafter
2035 2726 90 31 form

467 2792 59 34 the
543 2793 66 33 last
628 2797 68 39 key
712 2795 175 34 obtained.

512 2872 37 31 In
571 2872 223 43 transposing
809 2873 47 40 by
872 2872 110 39 fifths,
1001 2873 125 42 sharps
1142 2883 60 23 are
1219 2872 86 33 used
1325 2876 33 29 to
1376 2871 90 34 form
1486 2872 59 33 the
1562 2884 77 21 new
1656 2875 191 42 signature.

512 2939 38 30 In
565 2939 223 42 transposing
804 2940 47 40 by
867 2938 148 38 fourths,
1035 2939 83 34 flats
1135 2950 59 23 are
1212 2939 87 32 used
1317 2944 33 27 to
1368 2939 90 32 form
1478 2938 58 32 the
1556 2948 77 24 new
1649 2942 193 41 signature.

511 3004 192 44 Signature
719 3005 126 42 sharps
862 3006 68 34 and
947 3007 83 33 flats
1057 3006 110 34 affect
1180 3007 44 32 all
1249 3006 58 33 the
1324 3010 103 30 notes
1444 3006 35 33 of
1497 3006 276 44 corresponding
1789 3015 140 30 names,
1947 3006 126 45 higher
2090 3017 36 22 or

469 3071 114 37 lower,
605 3072 118 35 unless
740 3071 241 38 contradicted
999 3073 47 42 by
1062 3072 59 35 ihe
1139 3075 160 32 Natural.
1346 3072 75 34 The
1437 3074 76 33 first
1539 3074 261 41 tramsposition
1819 3075 36 32 of
1872 3074 59 33 the
1948 3074 117 38 Scale,
2080 3076 46 40 by

466 3136 100 37 fifths
583 3141 29 30 is
623 3142 90 35 from
731 3142 29 36 C
771 3146 34 31 to
822 3139 47 37 G,
917 3138 66 35 We
998 3140 128 44 simply
1141 3142 81 33 take
1233 3139 33 36 G
1281 3152 40 23 as
1331 3141 77 34 One
1419 3140 35 33 of
1472 3140 58 34 the
1547 3141 106 35 Scale
1666 3143 33 32 in
1717 3141 124 43 higher
1854 3142 162 42 position,
2030 3141 91 35 thus:

2375 410 340 58 Continued

2351 593 103 32 From
2469 590 45 43 C,
2534 592 80 35 Clef
2631 591 199 44 Signature,
2857 598 34 28 to

2685 520 304 62 Change
3014 521 85 47 of
3114 520 173 54 Key.

2860 598 5 4 ‘
2883 604 8 21 >
3027 592 43 39 G,
3120 590 55 67 F^
3192 590 202 44 Signature.

2374 953 10 30 1
2457 953 21 31 2
2562 953 21 33 3
2651 954 21 31 4
2739 954 22 32 5

2365 1005 29 31 ▲
2457 1005 29 29 V
2550 1006 30 30 ♦
2642 1008 31 29 k
2734 1006 30 30 *

2368 1048 30 34 C
2462 1050 30 30 D
2556 1051 27 31 E
2647 1049 24 33 F
2733 1052 29 33 G

2345 1130 104 32 From
2468 1126 46 44 G,
2543 1131 56 33 Fn
2624 1133 189 41 Signature
2833 1138 33 29 to

3013 955 11 30 1
3117 954 22 31 2
3199 953 22 31 3
3289 951 22 32 4
3387 948 21 33 5

3018 1006 30 32 &
3106 1005 32 33 0
3197 1006 32 29 O
3368 1001 47 32 O

3012 1052 29 32 G
3102 1051 32 32 A
3198 1051 28 30 B
3290 1048 28 33 C
3376 1047 30 31 D

2915 1141 16 31 i,
2959 1134 26 32 F
3004 1133 68 33 and
3090 1131 58 33 O'*
3166 1130 202 44 Signature.

3118 1177 25 17 tT

3475 951 21 31 6
3564 947 20 33 7
3668 946 20 32 8

3476 1001 33 33 □
3520 1011 23 27 \
3566 999 45 47 S’,

3472 1047 27 32 E
3561 1032 57 80 F$
3666 1041 30 37 C

2403 1492 385 38 12345
3076 1482 669 52 12345678

3061 1553 30 32 D
3151 1548 28 34 E
3228 1543 56 66 Fjf
3354 1545 32 34 G
3448 1544 33 36 A
3543 1547 28 32 B
3620 1533 65 46 C-I+
3731 1546 31 31 D

2299 1620 103 31 From
2422 1620 42 37 D,
2487 1621 25 33 F
2525 1622 69 33 and
2614 1611 65 77 C££
2690 1621 199 45 Signature,
2910 1627 33 29 to
2961 1626 41 34 A,
3025 1624 25 31 F
3069 1623 27 31 C
3114 1620 70 34 and
3278 1614 202 50 Signature.

2436 1992 382 39 12345
3083 1985 665 47 12345678

2433 2048 29 33 D
2511 2053 26 31 E
2586 2042 58 42 F>
2706 2051 32 32 G
2801 2049 30 35 A
3079 2049 30 34 A
3172 2051 29 31 B
3247 2035 62 81 Cj
3355 2046 33 33 D
3451 2049 29 32 E
3526 2035 60 82 Fj
3631 2044 35 36 G
3730 2048 30 32 A

2300 2119 104 33 From
2424 2121 42 37 A,
2487 2123 26 32 F
2530 2122 30 35 C
2580 2125 69 33 and
2669 2123 75 57 G£,
2765 2128 33 28 to
2816 2123 39 37 E,
2876 2123 26 32 F
2921 2119 29 35 C
2967 2124 29 31 G
3014 2123 69 33 and
3103 2112 62 41 D*+
3183 2122 204 43 Signature.

2300 2189 105 32 From
2422 2189 44 39 A,
2483 2191 194 44 Signature
2694 2195 28 32 F
2734 2192 32 34 C
2784 2191 71 38 and
2870 2179 75 80 G^,
2969 2197 35 28 to
3018 2194 41 37 E,
3085 2191 127 36 FCG
3225 2192 71 35 and
3309 2186 67 57 D£
3391 2188 204 44 Signature.

2435 2590 387 42 12345
3118 2592 664 43 12345678

2428 2650 31 31 A
2516 2652 29 31 B
2591 2639 61 45 C>

2296 2722 38 31 In
2349 2723 224 43 transposing
2592 2723 58 33 the
2664 2725 106 32 Scale
2788 2726 47 41 by
2854 2723 150 40 fourths,
3019 2727 26 31 it
3061 2730 96 29 must
3175 2735 214 26 commence
3405 2725 87 35 frsm
3513 2723 29 35 C
3559 2725 88 33 also.

2298 2778 104 32 From
2422 2777 41 38 C,
2481 2775 84 37 Clef
2582 2781 202 42 Signature,
2804 2785 34 30 to
2859 2781 38 38 F,
2914 2781 52 33 Bb
2981 2782 210 42 Signatuae.

3096 2654 28 33 E
3172 2655 34 31 F-

3774 2649 32 32 E

2798 2652 28 33 E

2698 2653 30 30 D

3380 2650 215 38 ABC-

2366 3108 12 30 1

2449 3108 23 30 2

2538 3109 23 32 3

2628 3110 23 30 4

3012 3110 13 32 1

3096 3103 36 39 2'

3185 3109 22 33 3

3286 3109 22 31 4

3375 3107 22 37 5

3465 3110 21 32 6

3569 3109 22 33 7

3658 3109 21 32 8

2361 3163 29 36 C

2453 3162 30 35 D

2532 3166 26 33 E

2622 3165 25 34 F

3006 3166 25 33 F

3098 3163 35 35 G

3179 3165 31 33 A

3280 3165 53 35 Bb

3381 3161 29 39 C

3456 3166 30 36 D

3557 3165 25 34 E

3654 3164 25 35 F
