4015 3456
524 440 74 51 90

1869 439 197 59 LOOK
2101 441 167 59 OUT.
2340 445 68 53 P.
2434 446 83 56 M.

1291 537 18 16 “
1318 539 44 27 Be
1373 540 58 28 not
1439 539 151 29 deceived
1601 550 9 25 ;
1628 540 71 29 God
1709 542 30 27 is
1750 545 59 25 not
1820 542 152 29 mocked:
1986 542 55 30 for
2052 545 202 30 whatsoever
2265 555 79 18 man
2355 547 135 34 soweth,
2505 550 73 26 that
2590 549 87 28 shall
2688 551 44 26 he
2743 547 71 32 also
2824 541 234 50 reap."—Gal.
3069 550 31 32 6:
3115 552 26 30 7.

614 600 38 33 B.
670 599 41 33 F.
732 601 71 43 W.,
823 601 115 38 about
955 602 98 37 1842.
1102 606 84 43 Key
1204 605 40 38 of
1260 607 33 35 A
1310 605 133 48 Major.

3410 625 39 34 B.
3470 624 42 34 F.
3532 625 163 41 White,
3716 624 97 37 1842.

900 1100 64 45 My
982 1101 101 38 breth
1097 1122 11 5 -
1121 1114 59 25 ren

898 1145 94 39 How
1009 1157 59 26 ma
1093 1166 13 5 -
1130 1158 50 34 ny

1244 1104 58 48 all,
1366 1117 45 26 on
1474 1118 71 33 you

1240 1147 93 51 foes,
1352 1150 122 37 bound
1490 1155 38 34 to

1625 1109 11 34 I

1611 1164 46 34 op

1729 1110 78 44 call,
1873 1111 29 35 A
1928 1131 16 7 -
1969 1112 68 36 rise
2093 1113 71 37 and
2211 1113 84 38 look

1692 1173 13 6 -
1728 1164 101 35 pose,
1847 1155 155 39 Who’re
2018 1158 167 44 wait-ing
2233 1160 39 35 to

2358 1127 20 23 a
2404 1134 12 7 -
2441 1117 113 35 round
2579 1128 85 33 you.

2333 1160 222 37 con-found
2578 1162 87 44 you!

2803 1140 79 39 The
2928 1149 68 38 gos
3022 1162 15 6 -
3060 1144 57 42 pel
3165 1144 86 36 calls
3313 1155 45 25 on
3431 1143 39 36 Zi
3497 1166 13 5 -
3535 1146 82 37 on’s
3636 1147 119 44 walls,
3775 1146 115 39 Shake

753 2185 52 38 off
858 2197 92 35 your
1011 2189 96 43 sleep
1125 2190 71 36 and

1280 2192 94 37 slum
1408 2212 12 7 -
1453 2193 74 42 ber;

1747 2197 30 36 A

1879 2198 69 36 rise

2026 2201 71 34 and

2170 2211 102 35 pray,
2321 2202 95 37 we’ll

2489 2203 73 37 win
2616 2205 64 36 the
2741 2207 84 43 day,
2853 2204 95 39 Tho’
3021 2219 56 25 we
3147 2220 58 24 are
3251 2210 74 36 few

3431 2210 35 35 in
3552 2221 85 26 num
3679 2230 13 7 -
3733 2211 72 39 ber.

603 2694 125 37 As-far
743 2706 41 28 as
801 2707 56 26 we
873 2707 65 26 can
957 2698 176 37 ascertain
1154 2699 116 45 Major
1295 2701 42 34 B.
1358 2700 41 38 F.
1422 2701 126 41 White
1564 2703 193 45 composed
1774 2706 63 36 the
1855 2705 113 37 music
1986 2706 71 37 and
2073 2707 64 39 the
2150 2707 122 41 words
2287 2712 38 34 to
2341 2710 64 37 the
2418 2711 117 38 above
2551 2712 129 46 hymn.
2732 2714 91 38 This
2839 2718 88 35 tune
2944 2715 69 39 has
3029 2718 77 36 also
3125 2719 89 35 been
3229 2719 179 45 regularly
3424 2720 140 45 printed
3589 2721 35 37 in
3649 2722 62 37 the
3730 2722 24 17 “
3768 2717 118 44 Sacred

511 2737 144 46 Harp,”
682 2741 36 34 in
736 2741 87 38 each
841 2741 132 38 edition
991 2742 98 37 since
1110 2745 97 40 1844,
1225 2754 42 25 as
1285 2745 81 36 well
1383 2755 42 26 as
1443 2746 35 35 in
1497 2745 139 39 several
1654 2749 103 36 other
1773 2749 131 38 books.
1955 2750 31 37 It
2001 2751 70 36 has
2088 2762 101 27 some
2205 2763 92 34 very
2313 2757 114 35 sweet
2442 2757 130 36 chords
2589 2758 72 37 and
2678 2758 148 44 strains,
2844 2761 73 36 and
2933 2765 167 41 presents
3116 2774 20 24 a
3154 2766 128 42 strong
3305 2764 125 45 appeal
3454 2767 39 35 to
3515 2766 109 37 those
3647 2767 86 37 who
3756 2765 130 47 profess

514 2782 145 47 religion
678 2787 37 34 to
732 2785 107 40 wake
857 2797 47 32 up
920 2789 37 34 to
974 2786 63 37 the
1053 2787 124 44 gospel
1196 2788 129 36 sound.
1380 2789 27 37 It
1424 2789 128 38 stands
1571 2802 90 34 very
1679 2794 104 36 much
1804 2805 41 24 as
1864 2795 26 35 it
1907 2795 59 35 did
1983 2795 109 36 when
2108 2796 80 38 first
2204 2798 204 45 composed.
2462 2799 151 39 Further
2631 2804 196 37 statement
2844 2805 37 36 of
2902 2806 39 35 B.
2965 2804 39 39 F.
3026 2807 127 38 White
3171 2819 45 24 on
3235 2820 92 32 page
3344 2819 76 34 232.
