3994 3449
405 350 73 50 82
1712 334 259 54 BOUND
2012 331 144 55 FOR
2190 329 323 54 CANAAN.

1262 418 76 28 “Ye
1348 425 55 19 see
1414 415 72 28 him
1497 417 67 29 not,
1578 417 55 32 yet
1644 412 166 37 believing
1820 420 41 27 ye
1873 410 120 34 rejoice
2004 409 82 27 with
2093 408 61 35 joy
2164 408 226 35 unspeakable
2400 406 67 27 and
2478 406 63 28 full
2553 405 36 29 of
2600 405 180 35 glory.”—1
2797 405 80 29 Pet.
2889 404 29 28 1:
2934 404 27 27 8.

482 474 100 35 REV.
600 474 114 41 John
736 471 187 38 Leland,
944 468 99 35 1833.
1094 467 86 42 Key
1196 465 42 36 of
1255 467 28 30 B
1300 464 85 32 Flat
1401 460 138 48 Major.

1580 518 19 30 1
1702 517 22 29 2
1792 512 195 30 CHORUS.

3323 445 45 37 E.
3391 447 34 40 J.
3454 447 129 37 King,
3603 441 97 37 1844.

623 789 82 36 And
715 753 169 73 from’the
897 744 465 89 flowingTountataDrink
1379 731 383 95 everiasta^to’ve.
2025 763 86 32 way
2123 753 38 35 t0
2173 748 159 40 Canaan
2337 776 8 16 ’
2497 759 60 34 my
2565 757 90 38 W
2920 755 46 25 on
2980 754 64 35 my
3054 752 88 29 wav
3150 746 39 32 to
3198 739 191 45 Danaan,To
3400 739 65 39 the
3476 750 82 26 new
3570 736 217 39 Jerusalem.

1574 823 17 29 1
1710 822 22 29 2

1778 1040 23 81 |
1814 1057 65 38 I’m
1891 1070 47 24 on
1953 1068 63 34 my
2025 1067 86 32 way
2121 1058 39 35 to
2171 1054 175 44 Canaan,
2363 1053 65 36 I’m
2437 1064 48 24 on
2498 1062 63 34 my
2570 1062 84 34 way
2663 1054 38 33 to
2713 1048 126 45 Canaan,
2855 1049 58 35 I’m
2925 1059 47 25 on
2985 1060 63 32 my
3059 1057 86 35 way
3153 1050 39 33 to
3205 1043 184 43 Canaan,To
3399 1044 64 36 the
3475 1055 82 25 new
3571 1042 215 39 Jerusalem.

622 1049 124 38 When
766 1047 92 36 shall
879 1048 11 34 I
909 1047 42 36 be
970 1045 178 36 delivered
1165 1040 92 43 from
1273 1043 76 36 this
1365 1039 113 38 world
1495 1039 37 36 of
1549 1040 70 42 sin,

622 1094 81 35 And
722 1093 89 36 with
831 1103 63 33 my
911 1090 143 38 blessed
1072 1087 125 47 Jesus,
1218 1085 121 39 Drink
1352 1085 145 35 endless
1510 1082 186 45 pleasures
1712 1081 53 36 in?

1576 1129 17 29 1
1710 1127 23 29 2

586 1359 17 39 J
624 1355 71 36 But
713 1363 83 26 now
817 1353 10 34 I
846 1363 57 26 am
923 1363 21 24 a
961 1350 143 43 soldier,
1125 1349 64 44 My
1207 1344 215 48 Cap-tain’s
1436 1355 93 34 gone
1541 1343 134 44 before,

594 1404 14 35 I
623 1399 91 36 He’s
731 1398 110 43 given
861 1408 55 25 me
935 1406 62 33 my
1013 1394 152 45 or-ders,
1182 1390 84 41 And
1282 1391 81 36 bids
1381 1401 56 24 me
1455 1392 64 35 not
1531 1389 83 43 give
1676 1387 85 35 o’er.

1575 1434 18 29 1
1711 1432 23 29 2

1778 1344 21 81 |
1814 1364 64 35 I’m
1889 1375 47 24 on
1950 1373 62 34 my
2025 1372 85 32 way
2118 1363 38 33 to
2168 1359 174 45 Canaan,
2360 1359 64 35 I’m
2438 1369 45 26 on
2496 1369 62 33 my
2568 1368 86 33 way
2664 1359 38 33 to
2714 1354 125 45 Canaan,
2847 1354 63 36 I’m
2923 1365 46 25 on
2982 1365 63 32 my
3054 1364 86 33 way
3150 1356 38 33 to
3202 1349 354 46 Canaan,Tothenew
3570 1348 215 38 Jerusalem.

487 1661 79 37 The
593 1659 149 46 original
770 1669 106 26 name
901 1658 38 35 of
962 1657 75 36 this
1063 1665 95 34 song
1182 1662 78 29 was
1287 1651 24 17 “
1327 1650 169 44 Evening
1526 1648 144 44 Song.”
1721 1646 90 37 Rev.
1842 1646 98 37 John
1967 1645 136 37 Leland
2127 1655 79 26 was
2232 1644 88 36 born
2346 1645 36 33 in
2412 1652 84 35 1754
2519 1641 72 38 and
2617 1641 80 35 died
2723 1640 34 35 in
2788 1640 94 43 1844.
2935 1638 54 36 He
3014 1647 79 27 was
3118 1647 20 25 a
3165 1635 143 45 Baptist
3337 1634 180 46 preacher.
3571 1634 37 34 In
3638 1634 79 33 1801
3746 1632 46 36 he

394 1707 93 36 took
509 1718 25 24 a
555 1705 197 45 preaching
778 1705 80 35 tour
879 1703 95 35 from
998 1701 61 35 his
1081 1699 110 36 home
1215 1698 36 34 in
1278 1696 296 38 Massachusetts
1596 1697 39 32 to
1662 1691 253 46 Washington
1938 1690 91 37 with
2054 1690 60 34 his
2138 1687 187 39 Cheshire
2348 1689 145 41 cheese,
2509 1686 121 37 which
2656 1686 105 34 made
2784 1684 61 38 his
2869 1694 107 25 name
3001 1681 160 39 national
3185 1692 47 24 on
3258 1682 152 36 account
3437 1679 38 35 of
3496 1678 85 36 that
3603 1678 83 43 trip.
3737 1677 55 36 He

397 1754 113 34 wrote
536 1751 58 35 his
620 1760 82 25 own
728 1748 149 45 hymns.
930 1746 54 35 He
1009 1743 193 46 composed
1225 1743 63 35 the
1313 1742 129 42 hymn,
1463 1737 117 38 “The
1608 1738 85 43 Day
1718 1738 30 34 is
1775 1735 137 37 Passed
1937 1735 71 37 and
2035 1733 121 44 Gone,
2174 1735 63 35 the
2263 1733 168 42 Evening
2456 1729 142 39 Shades
2626 1728 185 46 Appear.”
2862 1728 79 35 The
2965 1727 153 36 farmers
3141 1727 37 34 of
3204 1722 198 47 Cheshire,
3420 1724 56 35 for
3492 1723 122 35 whom
3641 1723 45 33 he
3712 1731 80 27 was

397 1799 137 40 pastor,
554 1794 194 37 conceived
775 1793 62 35 the
863 1791 79 37 idea
966 1791 37 34 of
1029 1789 154 44 sending
1207 1787 63 36 the
1296 1786 145 43 biggest
1464 1783 128 37 cheese
1618 1783 35 34 in
1681 1782 164 36 America
1868 1784 37 32 to
1933 1779 188 37 President
2148 1777 192 37 Jefferson.
2392 1777 68 36 Mr.
2482 1775 135 37 Leland
2642 1775 134 35 offered
2800 1776 37 35 to
2862 1784 45 32 go
2931 1776 38 32 to
2997 1770 249 46 Washington
3271 1768 90 37 with
3387 1779 46 24 an
3459 1779 46 24 ox
3530 1770 95 34 team
3650 1766 90 37 with
3767 1767 27 35 it

398 1841 73 35 and
497 1839 129 45 preach
654 1838 110 44 along
788 1838 63 35 the
876 1847 97 32 way,
1000 1833 119 37 which
1146 1832 46 35 he
1217 1832 71 35 did.
1341 1830 78 35 The
1444 1828 128 37 cheese
1597 1826 166 44 weighed
1792 1834 98 35 1.450
1915 1825 155 44 pounds.
2122 1823 54 36 He
2202 1823 79 36 died
2306 1822 89 36 with
2422 1823 102 42 great
2547 1821 93 42 hope
2665 1820 36 34 of
2727 1822 74 34 rest
2825 1819 35 34 in
2885 1818 63 36 the
2973 1815 103 44 glory
3100 1815 125 35 world.

490 1884 41 35 E.
562 1884 34 36 J.
627 1883 95 44 King
750 1881 103 36 made
879 1878 160 39 material
1064 1875 162 48 changes
1252 1876 35 35 in
1312 1875 63 36 the
1399 1875 100 42 tune,
1525 1872 72 36 and
1622 1873 229 43 re-arranged
1877 1872 26 34 it
1927 1868 112 39 about
2062 1868 62 36 the
2148 1878 86 34 year
2262 1869 95 41 1844.
2409 1867 55 34 He
2488 1865 172 45 prepared
2684 1864 28 36 it
2733 1864 56 35 for
2816 1861 170 38 “Sacred
3013 1859 140 46 Harp.”

1780 1978 451 57 EDGEFIELD.
2305 1979 87 49 8s.

489 2089 113 42 John
625 2087 202 40 Newton,
847 2082 97 36 1779.
995 2083 85 41 Key
1100 2079 41 34 of
1157 2080 31 32 F
1205 2077 124 45 Sharp
1345 2074 138 35 Minor.
1628 2073 121 26 “None
1760 2078 88 27 upon
1862 2071 92 26 earth
1967 2070 72 27 that
2050 2071 15 24 I
2077 2068 105 27 desire
2219 2068 103 28 esides
2334 2068 175 27 thee.—Ps.
2523 2067 32 28 73
2560 2075 7 18 :
2583 2066 44 28 25.
3305 2061 37 43 J.
3358 2059 42 35 T.
3421 2061 162 40 WHITE,
3602 2058 99 35 1844.

671 2355 94 36 How
780 2355 143 37 tedious
940 2352 73 36 and
1027 2349 172 41 tasteless
1215 2350 63 36 the
1294 2348 113 36 hours
1422 2346 124 40 When
1566 2345 111 36 Jesus
1695 2355 46 25 no
1758 2344 125 43 longer
1902 2344 12 34 I
1932 2344 73 36 see!
2562 2340 105 35 Have
2683 2339 73 36 lost
2771 2337 46 38 all
2833 2338 95 35 their
2944 2336 204 38 sweetness
3164 2338 38 33 to
3220 2345 70 33 me,

1963 2387 121 38 Sweet
2100 2389 199 43 prospects,
2319 2388 114 35 sweet
2450 2384 112 45 birds,
2581 2384 72 37 and
2670 2386 115 34 sweet
2800 2383 158 44 flowers,
3068 2379 105 39 Have
3190 2379 72 37 lost
3278 2378 46 37 all
3340 2377 94 38 their
3451 2378 202 35 sweetness
3669 2377 38 35 to
3726 2385 68 26 me.

493 2914 68 39 See
586 2913 129 38 sketch
741 2912 38 35 of
805 2910 98 37 John
931 2907 170 47 Newton,
1127 2906 132 41 author
1283 2907 37 34 of
1345 2905 64 36 the
1434 2903 135 45 words,
1595 2902 114 37 under
1732 2905 88 34 tune
1847 2901 130 38 “New
2004 2899 182 47 Britain,”
2212 2911 92 36 page
2329 2907 55 37 45-
2502 2897 47 41 T.
2576 2897 126 41 White
2726 2895 172 48 prepared
2922 2895 75 39 this
3022 2894 88 39 tune
3134 2893 55 36 for
3215 2886 171 45 “Sacred
3412 2887 143 47 Harp,”
3582 2888 35 36 in
3646 2888 95 42 1844-
