4019 3463
517 502 20 18 „
571 500 6 14 ,
1581 437 148 56 OLD
1769 435 388 63 HUNDRED.
3503 456 36 47 4
3543 454 36 42 t>

687 514 41 27 ye
739 502 151 41 heavens,
928 525 115 22 ....
1060 505 106 35 shout,
1181 514 40 27 ye
1233 500 101 34 lower
1346 507 91 32 parts
1449 505 35 27 of
1496 507 56 25 the
1565 505 92 29 earth
1672 514 6 18 :
1696 506 103 27 break
1811 505 89 28 forth
1913 506 70 27 into
1995 505 141 36 singing,
2150 512 41 28 ye
2203 505 198 33 mountains,
2417 507 25 25 O
2455 503 110 35 forest,
2581 505 64 27 and
2658 513 96 26 every
2767 507 68 26 tree
2847 504 267 31 therein.”—Isa.
3128 506 33 27 44
3174 515 7 19 :
3198 507 43 27 23.

271 543 155 34 BISHOP
450 545 109 37 KEN,
588 541 98 37 1661.
735 542 86 43 Key
846 541 40 35 of
908 544 33 30 A
965 542 136 43 Major.
3062 541 115 37 GuiE.
3203 542 155 40 Franc>
3386 540 20 34 i
3408 541 65 35 541
3477 567 9 9 .

542 986 39 36 O
598 994 114 38 come,
726 986 84 37 loud
821 986 172 40 anthems
1009 986 49 36 let
1071 998 43 24 us
1128 986 97 46 sing,
1242 984 102 40 Loud
1361 986 140 37 thanks
1519 990 36 32 to
1574 995 65 27 our
1657 985 223 45 Al-might-y
1900 986 107 44 King.
2030 985 70 37 For
2116 997 56 27 we
2190 997 64 25 our
2265 986 137 37 voic-es
2414 986 89 44 high
2516 986 132 37 should
2662 987 106 44 raise,
2782 984 124 39 When
2918 997 65 25 our
2994 984 251 41 sal-va-tion’s
3258 986 102 37 Rock
3377 998 56 24 we
3444 986 130 44 praise.

270 1370 137 46 Bishop
436 1371 77 37 Ken
531 1384 79 24 was
635 1371 88 38 born
750 1374 34 34 in
804 1370 116 40 Great
946 1372 135 36 Britain
1100 1371 35 34 in
1158 1371 82 44 1637
1258 1370 71 36 and
1346 1370 80 36 died
1444 1372 35 33 in
1501 1381 95 33 1711.
1648 1370 54 35 He
1719 1380 78 26 was
1815 1371 173 37 educated
2006 1377 38 30 at
2062 1370 91 37 New
2170 1369 146 37 Oxford
2335 1372 34 34 in
2392 1370 95 43 1762,
2507 1370 72 35 and
2596 1370 167 44 eighteen
2790 1380 107 32 years
2915 1371 88 36 later
3023 1370 96 45 King
3138 1370 159 38 Charles
3318 1371 40 35 II.
3381 1372 198 42 appointed

183 1416 72 35 him
275 1414 184 46 Chaplain
479 1420 37 34 to
543 1415 163 39 Princess
726 1416 106 45 Mary
849 1418 36 35 of
903 1415 166 46 Orange,
1086 1416 72 35 and
1185 1413 119 39 before
1322 1415 57 35 his
1397 1416 106 35 death
1524 1415 102 36 made
1644 1415 75 34 him
1741 1413 135 46 Bishop
1894 1416 37 34 of
1949 1415 96 37 Bath
2064 1416 72 34 and
2157 1414 127 39 Wells.
2337 1415 54 36 He
2409 1425 77 25 was
2504 1426 21 23 a
2542 1418 102 40 great
2661 1415 131 42 orator,
2820 1415 177 44 minister,
3016 1415 72 36 and
3113 1418 93 41 poet.
3261 1414 95 44 King
3377 1415 126 36 James
3531 1415 44 36 II.

183 1461 214 44 imprisoned
423 1461 73 36 him
522 1463 56 34 for
597 1460 163 47 refusing
783 1465 37 33 to
838 1462 82 44 sign
938 1461 62 36 the
1027 1458 228 39 Declaration
1273 1460 37 34 of
1338 1459 277 44 Independence.
1669 1459 54 35 He
1741 1459 208 37 ministered
1973 1462 37 34 to
2029 1458 160 38 Charles
2209 1459 40 35 II.
2271 1461 35 33 in
2333 1461 56 34 his
2411 1459 70 36 last
2500 1462 191 33 moments.
2744 1458 67 38 His
2831 1458 23 17 “
2871 1459 146 38 Manuel
3035 1460 37 35 of
3099 1458 196 47 Prayers,”
3315 1461 35 34 in
3369 1461 120 34 which
3517 1459 62 37 his

182 1505 133 44 hymns
333 1516 94 26 were
445 1506 205 45 published,
670 1508 175 41 appeared
864 1507 34 35 in
919 1516 194 25 numerous
1131 1503 154 40 editions
1303 1515 47 32 up
1367 1507 37 33 to
1421 1506 62 34 the
1499 1506 87 35 time
1604 1503 37 36 of
1658 1504 57 35 his
1735 1505 121 35 death.

270 1550 79 36 The
377 1551 113 35 music
515 1553 37 33 of
578 1551 23 16 “
616 1550 76 37 Old
720 1549 173 38 Hundred
907 1551 22 17 ”
956 1552 33 34 is
1012 1550 186 43 generally
1220 1549 154 38 credited
1396 1552 39 34 to
1460 1548 101 37 Guil.
1588 1547 129 45 Franc,
1743 1549 38 35 of
1807 1548 149 45 France,
1973 1549 88 39 who
2086 1550 32 35 is
2142 1549 210 38 sometimes
2376 1548 112 37 called
2514 1548 162 38 William
2702 1549 62 37 the
2790 1547 241 38 Frenchman.
3083 1549 54 36 He
3160 1549 161 37 founded
3346 1561 22 25 a
3392 1550 125 35 school
3542 1550 36 35 in

184 1594 166 44 Geneva,
371 1595 34 35 in
436 1604 95 35 1541,
552 1595 119 37 where
696 1596 46 35 he
759 1606 79 26 was
857 1594 144 46 Chapel
1029 1595 137 36 Master
1190 1595 56 35 for
1262 1603 99 27 some
1378 1596 98 35 time.
1529 1593 54 36 He
1608 1593 79 35 died
1709 1595 34 33 in
1773 1601 94 35 1570.
1919 1592 108 38 Some
2044 1593 103 36 claim
2165 1594 62 34 the
2246 1595 113 35 music
2377 1594 38 35 of
2434 1592 22 16 “
2472 1592 76 36 Old
2567 1591 210 38 Hundred”
2796 1596 37 33 to
2852 1593 42 35 be
2913 1604 67 25 one
3006 1594 37 35 of
3068 1592 171 38 Luther’s
3266 1594 185 45 melodies,
3470 1594 109 37 while

183 1639 121 36 others
330 1638 171 40 attribute
527 1642 27 34 it
577 1644 36 33 to
639 1639 212 46 Bourgeois.
905 1640 28 35 It
957 1640 32 35 is
1014 1638 185 45 generally
1214 1637 191 46 conceded,
1422 1638 186 44 however,
1625 1640 37 34 to
1683 1637 160 39 William
1867 1638 64 36 the
1958 1636 239 39 Frenchman.
2250 1638 30 37 It
2303 1638 31 36 is
2359 1648 68 26 one
2452 1638 38 35 of
2513 1638 63 35 the
2602 1638 117 37 oldest
2741 1640 108 36 tunes
2876 1638 35 34 in
2936 1638 62 36 the
3023 1637 131 45 books,
3180 1638 72 35 and
3277 1639 69 35 has
3371 1639 89 36 been
3489 1639 90 36 used

182 1682 225 46 throughout
424 1682 264 40 Christendom
705 1685 56 35 for
777 1694 88 27 over
884 1696 63 31 300
963 1694 119 33 years.

1633 1724 231 58 MEAR.
1937 1728 61 48 C.
2039 1727 79 50 M.

778 1795 18 12 “
807 1795 96 27 What
916 1793 117 33 if.God,
1048 1793 128 34 willing
1187 1795 34 26 to
1233 1793 91 28 shew
1335 1792 52 27 his
1400 1792 113 33 wrath,
1529 1792 64 27 and
1606 1794 33 25 to
1653 1793 96 25 make
1761 1793 53 26 his
1827 1800 110 26 power
1949 1793 131 31 known,
2096 1792 144 28 endured
2253 1792 79 28 with
2346 1794 97 26 much
2457 1791 407 37 long-suffering.”—Rom.
2880 1794 16 26 9
2908 1802 6 18 :
2932 1795 42 26 22.

265 1828 124 43 JESSE
413 1830 194 37 Mercer.
656 1830 88 44 Key
765 1829 42 33 of
831 1832 34 32 G
888 1827 136 46 Major.
2960 1830 148 33 Aaron
3132 1828 229 44 Williams,
3389 1830 98 33 1760.

397 2070 27 25 1.
457 2059 86 39 Will
563 2059 85 36 God
686 2060 56 35 for
759 2079 12 6 -
788 2071 46 24 ev
866 2078 13 6 -
907 2070 37 25 er
982 2061 80 33 cast
1183 2069 44 26 us
1289 2057 66 35 off?
1390 2057 66 37 His
1474 2059 117 35 wrath
1610 2058 56 35 for
1684 2076 11 6 -
1713 2069 46 25 ev
1792 2078 15 6 -
1832 2068 37 25 er
1886 2057 129 36 smoke
2058 2057 172 45 A-gainst
2261 2058 62 36 the
2341 2068 66 33 peo
2442 2078 11 7 -
2485 2057 57 44 pie
2581 2058 38 36 of
2690 2058 67 36 His
2775 2057 94 44 love,
2892 2059 66 36 His
2976 2059 40 36 lit
3033 2079 15 6 -
3065 2059 48 35 tie
3145 2059 67 35 cho
3261 2079 13 6 -
3332 2069 65 27 sen
3416 2060 109 35 flock.

393 2116 32 24 2.
450 2103 128 38 Think
595 2105 37 35 of
677 2105 64 35 the
755 2104 113 37 tribes
907 2115 41 25 so
979 2104 86 35 dear
1111 2123 14 5 -
1179 2105 38 41 ly
1235 2101 142 46 bought
1394 2100 104 40 With
1517 2103 62 36 the
1605 2101 171 38 Re-deem
1791 2121 11 7 ■
1816 2104 73 34 er’s
1906 2102 120 39 blood,
2046 2103 74 37 Nor
2154 2102 49 37 let
2249 2102 87 44 Thy
2372 2102 40 37 Zi
2447 2123 11 6 -
2499 2113 46 24 on
2592 2103 44 36 be
2696 2102 173 46 for-got,
2876 2103 137 39 Where
3024 2114 88 25 once
3126 2101 85 46 Thy
3222 2104 59 43 gio
3308 2123 11 7 •
3349 2114 41 34 ry
3407 2106 119 34 stood.

406 2346 29 32 3.
465 2334 136 40 Where
617 2345 88 25 once
718 2333 86 44 Thy
817 2332 191 38 church-es
1022 2334 135 43 prayed
1186 2333 72 36 and
1276 2343 92 32 sang
1403 2331 85 45 Thy
1504 2332 78 37 foes
1630 2333 167 42 pro-fane
1824 2351 11 7 -
1860 2332 40 44 ly
1930 2342 95 34 rage;
2071 2332 30 35 A
2120 2352 12 5 -
2152 2332 72 36 mid
2257 2332 86 43 Thy
2360 2336 104 41 gates
2481 2333 94 35 their
2593 2333 162 44 en-signs
2773 2332 114 45 hang,
2908 2332 81 37 And
3006 2333 101 38 there
3124 2333 92 38 their
3233 2334 86 37 host
3358 2344 168 34 en-gage.

400 2390 33 33 4.
463 2379 82 36 And
563 2379 71 36 still
696 2382 37 33 to
766 2378 189 44 height-en
1003 2388 65 25 our
1174 2377 203 45 dis-tress,
1397 2377 86 43 Thy
1500 2386 201 35 pres-ence
1734 2378 30 34 is
1819 2376 247 43 with-drawn;
2089 2375 85 46 Thy
2190 2376 148 38 wonted
2357 2378 104 44 signs
2490 2378 37 34 of
2544 2377 116 44 pow’r
2677 2378 71 35 and
2766 2387 105 35 grace
2891 2377 85 44 Thy
2992 2377 116 45 pow’r
3126 2378 70 36 and
3214 2388 105 34 grace
3351 2389 59 27 are
3428 2390 105 33 gone.

408 2589 31 35 5.
469 2577 54 40 No
557 2579 112 43 proph
685 2598 12 5 -
709 2581 35 33 et
761 2577 136 45 speaks
929 2580 38 33 to
999 2578 90 34 calm

1191 2587 64 26 our
1272 2577 104 43 grief,
1411 2577 73 36 But
1516 2577 45 35 all
1639 2575 35 35 in
1737 2576 31 35 si
1795 2594 11 6 -
1823 2575 99 37 lence
1941 2585 138 35 mourn;
2103 2574 74 40 Nor
2194 2576 114 38 know
2323 2577 64 37 the
2405 2575 91 37 hour
2513 2577 37 34 of
2582 2588 64 24 our
2720 2588 35 25 re
2773 2596 13 6 -
2810 2576 74 45 lief,
2904 2576 80 37 The
3001 2577 92 36 hour
3110 2579 38 33 of
3166 2576 85 45 Thy

3373 2588 35 25 re
3427 2596 11 6 -
3455 2580 97 34 turn.

268 2791 117 39 There
411 2803 58 26 are
488 2795 73 35 two
588 2801 144 28 sources
750 2790 169 46 claiming
943 2790 63 37 the
1031 2790 215 44 authorship
1271 2789 37 36 of
1331 2790 75 36 this
1423 2792 99 35 tune.
1575 2788 37 35 In
1638 2798 67 25 one
1724 2788 27 36 it
1767 2788 31 35 is
1814 2788 157 36 credited
1993 2790 38 34 to
2050 2786 120 38 Aaron
2192 2786 196 46 Williams,
2407 2787 85 37 who
2508 2799 78 24 was
2612 2789 88 36 born
2727 2790 34 33 in
2792 2798 83 33 1734
2900 2787 71 38 and
2997 2787 79 37 died
3102 2789 35 34 in
3167 2788 95 43 1776.
3315 2787 78 38 The
3410 2792 90 33 tune
3519 2789 30 36 is
3566 2800 21 25 a

184 2835 125 40 Welsh
336 2837 50 37 air
407 2837 157 37 without
580 2836 124 37 doubt.
758 2837 79 35 The
856 2835 210 38 Americans
1084 2835 103 37 claim
1206 2846 46 26 an
1271 2835 124 36 earlier
1413 2834 81 38 date
1511 2835 56 35 for
1583 2833 62 37 the
1662 2836 101 39 tune,
1786 2832 107 44 1726;
1920 2832 82 36 that
2019 2833 28 34 it
2063 2833 31 34 is
2113 2843 44 26 an
2180 2831 188 40 American
2386 2834 102 44 tune,
2506 2833 72 35 and
2603 2844 78 26 was
2699 2833 195 44 composed
2919 2833 50 43 by
2985 2844 21 25 a
3024 2832 139 38 Boston
3183 2832 176 45 minister,
3379 2833 65 36 but
3461 2834 44 35 do
3526 2836 64 35 not

183 2881 81 42 give
287 2882 58 36 his
365 2893 116 27 name.
535 2881 118 37 There
670 2882 69 37 has
757 2882 90 36 been
866 2882 65 36 but
956 2879 90 38 little
1064 2880 141 44 change
1223 2881 35 35 in
1276 2879 62 37 the
1358 2877 154 46 melody.
1565 2879 40 35 B.
1628 2875 42 37 F.
1691 2876 128 39 White
1838 2877 103 36 made
1959 2876 114 45 slight
2089 2876 162 46 changes
2269 2878 35 34 in
2321 2878 63 36 the
2401 2878 102 35 tenor
2521 2879 71 34 and
2617 2877 112 38 treble
2746 2877 112 38 about
2879 2876 163 45 1846-47.
3096 2877 29 36 It
3142 2878 30 35 is
3190 2888 68 25 one
3276 2878 37 35 of
3332 2877 63 38 the
3414 2877 175 38 standard

185 2926 180 45 melodies,
385 2927 72 36 and
483 2927 68 36 has
577 2928 90 35 been
691 2927 57 35 for
774 2925 124 45 nearly
922 2936 65 25 200
1012 2936 118 33 years.
1183 2922 179 40 “Mear”
1390 2932 152 38 appears
1568 2923 34 35 in
1629 2921 45 37 all
1698 2922 63 35 the
1786 2921 123 36 earlier
1933 2919 241 48 publications
2193 2922 37 34 of
2249 2920 189 39 American
2455 2924 88 34 tune
2569 2922 129 37 books.
2750 2921 67 38 See
2845 2918 221 42 “Southern
3087 2919 233 48 Harmony,”
3348 2921 50 46 by
3427 2921 161 40 William

184 2967 161 48 Walker,
370 2972 97 45 1835,
487 2981 92 35 page
596 2981 63 34 24;
690 2969 23 17 “
730 2969 170 40 Missouri
922 2969 232 46 Harmony,”
1177 2969 97 44 1837,
1293 2979 94 32 page
1405 2978 54 34 24.

270 3013 78 39 The
366 3016 121 38 words
505 3026 59 25 are
581 3016 93 35 from
699 3014 19 17 “
736 3013 169 41 Mercer’s
924 3013 195 45 Cluster,”
1139 3014 50 45 by
1207 3013 107 38 Jesse
1335 3008 147 48 Mercer,
1502 3011 163 39 minister
1680 3011 38 36 of
1733 3011 63 36 the
1813 3011 140 45 gospel,
1975 3009 265 49 Washington,
2260 3011 90 44 Ga.,
2373 3012 96 45 1830,
2490 3012 59 42 5th
2569 3013 146 43 edition,
2735 3021 92 36 page
2847 3022 75 33 391,
2942 3012 72 36 and
3031 3012 220 45 publication
3271 3014 49 40 by
3337 3021 102 28 same
3456 3016 134 33 author

182 3057 37 36 of
235 3068 99 29 same
351 3060 118 46 hymn
487 3060 67 38 but
569 3060 37 35 in
628 3059 98 45 1823,
746 3069 91 35 page
857 3070 76 34 397,
951 3059 111 38 while
1077 3059 48 37 he
1141 3058 98 38 lived
1253 3060 40 35 at
1310 3056 214 45 Powellton,
1545 3056 74 37 Ga.
2343 3065 189 37 Copyright,
2548 3068 73 32 1909,
2635 3067 45 34 by
2691 3069 29 33 j.
2734 3065 30 29 s.
2777 3067 119 33 James.
