3986 3430
434 450 77 65 38

521 520 85 42 Key
623 519 45 34 of
678 519 33 33 F
727 516 134 47 Major.

1850 445 317 66 WINTER.
2240 449 61 53 C.
2336 452 81 51 M.

1313 525 18 13 “
1341 522 72 30 And
1425 524 26 27 it
1464 532 66 19 was
1542 526 34 25 at
1589 523 179 39 Jerusalem
1780 525 57 27 the
1848 523 85 28 feast
1943 523 35 28 of
1989 524 57 27 the
2057 524 192 33 dedication,
2263 523 65 31 and
2340 525 27 28 it
2379 534 67 19 was
2458 525 282 37 winter.’’—John
2759 529 34 27 10
2804 538 6 18 :
2828 528 41 27 22.

3285 526 164 36 Daniee
3473 526 132 44 Reed,
3626 526 97 38 1785.

714 973 68 36 His
828 973 149 44 hoar-y
1023 971 103 47 frost,
1170 972 57 34 his
1267 971 85 36 fleec
1378 990 11 6 -
1414 983 25 32 y
1485 981 117 32 snow,
1624 969 183 38 De-scend
1819 971 71 35 and
1901 968 117 41 clothe
2029 972 62 34 the
2116 972 151 43 ground;
2285 971 77 38 The
2377 973 107 44 liquid
2496 976 155 34 streams
2676 976 55 34 for
2764 995 11 6 -
2801 976 83 36 bear
2945 981 36 33 to
3043 979 98 43 flow,
3157 979 37 35 In
3258 980 29 36 ic
3343 1000 14 6 -
3406 993 26 32 y
3476 982 53 36 fet
3540 1000 11 7 -
3564 986 73 33 ters
3652 981 133 38 bound.

499 1449 90 36 'See
613 1449 143 43 history
773 1449 37 34 of
836 1447 130 35 Daniel
994 1445 95 38 Reed
1114 1447 113 35 under
1251 1448 87 33 tune
1363 1446 37 35 of
1426 1443 285 42 “Windham.”
1762 1443 220 40 “Winter”
2009 1457 151 32 appears
2179 1447 35 33 in
2231 1447 62 36 the
2313 1445 23 18 “
2353 1446 180 38 Southern
2553 1447 232 47 Harmony,’-’
2813 1451 35 34 in
2878 1452 95 42 1835,
2992 1463 91 32 page
3109 1463 85 34 293;
3225 1453 23 16 “
3264 1455 170 36 Missouri
3454 1455 229 46 Harmony,”
3710 1459 97 42 1837,

431 1503 92 34 page
549 1502 55 35 51,
629 1493 72 34 and
726 1493 35 34 in
787 1492 103 36 other
914 1501 93 34 song
1032 1488 117 40 books
1174 1490 85 42 long
1284 1489 94 44 prior
1401 1492 37 33 to
1462 1489 87 35 this.
1600 1488 66 36 See
1693 1489 23 16 “
1734 1489 198 37 Columbia
1959 1489 228 47 Harmony,”
2217 1501 93 34 1793.

1796 1564 399 55 WINDHAM.
2270 1568 60 52 L.
2361 1570 80 50 M.

814 1648 19 12 “
843 1646 90 27 Wide
945 1646 28 27 is
985 1646 56 27 the
1054 1646 83 35 gate,
1151 1645 101 27 broad
1263 1644 28 28 is
1303 1645 57 27 the
1372 1652 72 26 way
1456 1644 73 26 that
1541 1643 130 28 leadeth
1684 1646 33 24 to
1729 1643 210 28 destruction.
1974 1643 146 35 Straight
2132 1644 28 27 is
2177 1645 57 26 the
2246 1647 83 33 gate,
2344 1654 129 20 narrow
2483 1647 29 27 is
2522 1649 57 25 the
2592 1656 73 27 way
2675 1649 72 28 that
2759 1648 130 30 leadeth
2902 1653 79 26 unto
2994 1651 240 30 life.”—Matt.
3249 1656 27 27 7:
3294 1657 40 32 13,
3349 1657 41 26 14.

518 1696 122 32 Isaac
662 1694 139 40 Watt,
817 1692 98 35 1709.
965 1693 87 42 Key
1067 1692 42 35 of
1122 1691 35 38 B
1172 1690 142 34 Minor.
1897 1698 19 16 s
3283 1702 166 37 Daniee
3471 1704 130 41 Read,
3618 1703 99 36 1785.

544 1964 28 24 i.
601 1952 118 36 Broad
737 1953 30 36 is
806 1953 63 35 the
895 1952 85 36 road
990 1951 82 37 that
1085 1950 99 38 leads
1197 1953 37 34 to
1275 1950 107 37 death

1454 1950 82 35 And
1560 1949 219 38 thou-sands
1792 1950 99 35 walk
1903 1950 125 45 togeth
2042 1970 11 6 -
2071 1962 36 24 er
2123 1951 111 43 there;
2259 1952 72 37 But
2345 1951 153 38 wisdom
2513 1954 126 36 shows
2653 1967 21 24 a
2714 1966 64 26 nar
2796 1975 11 6 -
2826 1967 75 25 row
2962 1958 101 42 path,
3081 1958 103 38 With
3198 1959 83 37 here
3295 1961 72 35 and
3378 1961 100 36 there
3495 1972 22 26 a
3562 1962 177 37 trav-’ler.

538 2236 33 24 2.
602 2223 176 45 “De-ny
809 2223 168 46 thy-self,
996 2220 174 40 and-take
1183 2222 69 43 thy
1275 2219 142 47 cross,”

1466 2220 33 35 Is
1515 2221 63 35 the
1596 2218 245 39 Re-deemer’s
1858 2224 102 41 great
1979 2222 201 44 command;
2204 2222 152 40 Na-ture
2375 2224 99 37 must
2489 2228 110 33 count
2615 2226 64 36 her
2695 2227 83 43 gold
2796 2226 65 38 but
2877 2227 118 44 dross,
3017 2229 30 35 If
3063 2229 65 35 she
3146 2230 119 37 would
3283 2232 84 43 gain
3383 2233 76 34 this
3476 2232 178 45 heav’nly
3670 2233 95 37 land.

541 2496 30 33 3.
599 2484 81 35 The
696 2483 146 37 fear-ful
860 2483 79 37 soul
956 2483 82 37 that
1068 2482 86 38 tires
1172 2481 71 36 and
1267 2481 127 44 faints,

1459 2481 82 36 And
1559 2480 119 37 walks
1694 2482 63 35 the
1774 2491 106 34 ways
1897 2483 37 34 of
1952 2480 85 38 God
2055 2493 45 24 no
2120 2493 110 33 more,
2252 2482 33 35 Is
2333 2484 65 38 but
2422 2484 195 37 es-teemed
2635 2486 33 35 al
2683 2506 12 5 -
2707 2490 96 33 most
2819 2499 21 24 a
2858 2487 109 44 saint,
2974 2489 80 34 And
3068 2489 126 35 makes
3208 2490 59 36 his
3278 2501 83 26 own
3374 2492 142 37 destruc
3533 2511 13 5 -
3562 2494 76 35 tion
3664 2503 94 27 sure.

537 2737 32 32 4.
597 2725 108 44 Lord,
725 2725 48 36 let
806 2728 62 33 not
907 2724 46 36 all
983 2734 62 34 my
1061 2723 113 45 hopes
1193 2722 42 36 be
1268 2722 101 43 vain,
1446 2722 77 36 Cre
1540 2741 13 7 -
1569 2725 59 33 ate
1668 2733 61 33 my
1745 2722 104 37 heart
1865 2722 150 38 en-tire
2030 2742 11 6 -
2055 2723 37 43 ly
2111 2734 94 33 new,
2226 2723 133 40 Which
2379 2724 234 46 hy-po-crites
2627 2727 210 36 cou’dne’er
2851 2729 142 44 at-tain,
3013 2729 132 37 Which
3161 2730 91 35 false
3270 2733 185 42 apostates
3481 2742 128 28 nev-er
3637 2734 120 37 knew.

517 2804 131 36 Daniel
676 2803 109 42 Reed,
805 2803 62 36 the
892 2802 130 38 author
1047 2801 37 37 of
1108 2801 62 37 the
1190 2801 126 41 music,
1335 2810 78 26 was
1439 2799 87 36 born
1556 2808 94 35 1757.
1704 2800 53 35 He
1783 2800 193 44 published
1999 2801 63 36 the
2081 2800 217 38 “American
2325 2801 101 44 Song
2452 2803 146 44 Book,”
2618 2806 34 34 in
2675 2807 95 41 1785,
2799 2804 23 16 “
2838 2804 197 39 Columbia
3062 2807 231 44 Harmony,”
3323 2819 93 35 1793.
3469 2810 54 36 He
3540 2811 77 37 also
3633 2811 174 45 compiled

428 2849 71 36 and
524 2848 191 44 published
741 2846 139 37 several
906 2846 102 37 other
1032 2844 202 40 selections.
1287 2844 55 35 He
1367 2845 80 35 died
1471 2847 38 33 at
1536 2843 89 37 New
1652 2844 143 41 Haven,
1815 2844 142 44 Conn.,
1979 2844 94 45 1836.
2126 2846 78 35 The
2230 2846 113 37 music
2366 2847 79 38 first
2469 2850 176 41 appeared
2670 2851 35 33 in
2730 2851 62 34 the
2811 2848 216 39 “American
3053 2851 154 43 Singing
3227 2851 146 38 Book.”
3425 2854 54 36 He
3497 2855 30 35 is
3543 2856 63 36 the
3623 2856 130 37 author
3770 2856 37 35 of

427 2905 22 25 a
474 2894 151 35 number
649 2893 37 34 of
711 2891 172 37 standard
907 2892 122 43 tunes,
1049 2886 266 47 “Sherburn,”
1343 2885 216 45 “Russia,”
1586 2886 241 46 “Stafford,”
1853 2889 72 35 and
1949 2889 103 37 other
2076 2890 230 46 psalmodies.
2359 2891 54 38 He
2439 2893 31 34 is
2495 2903 46 24 an
2568 2893 187 35 American
2780 2903 197 35 composer.

518 2938 65 35 Dr.
604 2937 127 38 Watts
748 2939 39 34 at
801 2937 63 36 the
879 2934 88 39 time
983 2935 47 35 he
1046 2935 113 37 wrote
1174 2933 77 35 this
1268 2932 129 44 hymn,
1415 2943 79 25 was
1511 2932 166 43 engaged
1695 2934 35 33 in
1755 2934 145 43 writing
1925 2932 134 38 church
2086 2935 129 43 music,
2233 2935 72 37 and
2322 2947 21 25 a
2359 2936 99 45 large
2482 2937 152 36 number
2658 2938 37 35 of
2718 2937 138 44 hymns
2880 2949 59 25 are
2964 2940 107 35 dated
3094 2940 112 36 about
3228 2940 76 37 this
3320 2942 101 44 time,
3439 2954 67 25 200
3522 2954 108 35 years
3647 2954 83 35 ago.

1831 2998 200 38 Copyright,
2043 3000 78 34 1909,
2137 3001 45 33 by
2190 3002 30 34 J.
2232 3002 32 26 S.
2273 3004 123 35 James.
