4029 3461
1260 438 463 57 RUDIMENTS
1786 441 97 54 OF

454 538 104 32 From
578 538 37 38 F,
650 538 201 44 Signature,
875 545 32 29 to
930 542 28 31 B
975 541 90 38 Flat,
1087 543 27 31 B
1135 543 87 36 Flat,
1242 543 69 33 and
1329 544 27 31 E
1379 544 85 36 Flat,
1487 544 201 43 Signature.

482 851 284 38 1234
1027 853 573 41 8765543
1715 858 11 32 1

473 908 25 32 F
568 909 29 32 G
645 903 74 55 Ajy,
742 910 27 31 B
1021 899 72 64 Bjj,
1107 911 31 32 A
1210 912 29 32 G
1302 914 26 31 F
1386 902 72 62 Ejy,
1484 914 30 32 D
1562 911 33 36 G
1707 900 72 68 Bjj.

461 986 105 32 From
582 975 71 62 B]j,
665 986 203 43 Signature,
884 973 236 69 B^.andE^,
1138 993 33 28 to
1193 980 70 61 E]j,
1282 992 202 41 Signature,
1513 980 70 61 B^j,
1607 979 69 64 E^j,
1689 990 97 39 and/s

506 1355 293 35 1234
1037 1358 300 39 8765
1443 1359 294 38 4321

1031 1403 59 64 Ejj
1116 1416 31 33 D
1220 1416 31 33 G
1313 1408 60 62 Bjj
1433 1413 62 55 Aj2
1522 1418 32 32 G
1622 1419 25 32 F
1712 1406 59 64 Ejj

325 1489 102 37 From
448 1478 71 63 e]j,
539 1490 205 42 Signature,
774 1485 70 60 B^,
873 1481 70 63 E^j,
971 1493 69 35 and
1063 1483 74 62 A^,
1155 1499 33 28 to
1208 1484 74 65 Ajj,
1298 1496 201 44 Signature,
1515 1488 72 63 Bjj,
1613 1488 70 61 E^,
1713 1484 59 67 A^
1790 1497 70 32 and
1880 1496 72 40 D-j.

549 1890 165 35 123
818 1894 23 32 4
1064 1894 304 38 8765
1468 1898 210 35 432
1789 1901 10 31 1

599 1946 124 34 EF
816 1950 29 32 G
892 1953 32 29 A
1029 1922 783 110 A^GFE^D^CB^A^

1006 2047 283 38 DYNAMICS.

415 2112 32 32 1.
474 2110 109 36 What
604 2111 32 34 is
656 2110 223 48 Dynamics?

410 2189 37 35 It
480 2190 65 34 has
579 2190 188 36 reference
800 2197 40 30 to
872 2194 212 47 expression
1119 2195 72 34 and
1224 2198 60 33 the
1319 2197 176 36 different
1529 2197 151 47 degrees
1713 2199 45 35 of
1789 2209 126 36 power
1945 2203 40 31 to

321 2266 44 34 be
389 2266 150 47 applied
563 2272 38 31 to
626 2272 102 32 notes
753 2282 41 22 or
815 2271 184 48 syllables.

408 2347 33 33 2.
466 2347 98 34 How
592 2358 85 36 may
707 2351 154 34 musical
892 2355 104 31 tones
1025 2354 45 32 be
1101 2363 95 36 sung
1224 2365 42 22 or
1296 2355 156 45 played?

411 2424 101 46 They
531 2437 85 36 may
637 2428 44 32 be
703 2429 77 35 soft
800 2442 43 21 or
863 2431 98 34 loud.

409 2505 31 32 3.
468 2505 110 34 From
604 2506 72 34 this
706 2508 79 34 fact
811 2509 97 35 what
936 2511 135 34 arises?

412 2583 113 34 From
553 2584 62 35 the
643 2587 132 34 nature
804 2590 42 32 of
873 2591 153 33 musical
1056 2594 103 33 tones
1189 2594 113 33 arises
1331 2594 61 34 the
1421 2595 181 46 necessity
1631 2601 39 27 ot
1701 2608 62 26 uie
1791 2597 101 34 third
1922 2597 46 32 de

319 2660 190 48 partment
530 2663 38 32 in
590 2662 61 35 the
674 2664 174 37 elements
872 2668 42 32 of
934 2669 128 40 music,
1083 2669 117 36 called
1222 2670 212 46 Dynamics,
1456 2672 114 36 which
1592 2674 117 36 treats
1735 2675 40 34 of
1797 2677 61 32 the
1883 2676 101 34 force

318 2738 42 33 of
381 2738 62 35 the
464 2737 169 49 strength
655 2742 40 43 of
716 2746 113 33 tones.

405 2820 31 31 4.
463 2819 112 37 What
600 2821 30 34 is
658 2822 62 36 the
747 2826 85 33 tone
859 2826 188 47 produced
1076 2826 48 49 by
1152 2828 59 36 the
1236 2830 177 46 ordinary
1440 2832 164 35 exertion
1633 2833 41 32 of
1702 2831 61 37 the
1790 2833 104 35 vocal
1921 2844 42 23 or

317 2907 90 33 gans
432 2897 140 37 called?

407 2976 36 34 It
472 2977 31 35 is
534 2979 60 35 the
623 2979 159 37 medium
812 2996 41 21 or
882 2986 136 34 middle
1048 2989 97 40 tone,
1175 2988 71 34 and
1275 2991 30 33 it
1334 2992 30 33 is
1394 2990 118 34 called
1540 2990 50 47 by
1618 2991 61 37 the
1711 2992 136 36 Italian
1876 2993 102 34 word

315 3052 132 45 Mezzo,
472 3056 72 35 and
567 3059 30 34 is
621 3058 153 38 marked
799 3063 49 46 by
872 3064 61 34 the
956 3065 120 35 initial
1101 3068 51 34 M.

410 3135 32 35 5.
466 3134 113 40 What
611 3137 32 36 is
678 3138 60 37 the
772 3144 86 33 tone
891 3143 190 48 produced
1116 3145 49 48 by
1199 3158 98 26 some
1332 3149 177 37 restraint
1542 3150 43 35 of
1617 3149 62 38 the
1713 3152 104 36 vocal
1850 3162 133 37 organs

1953 438 253 57 MUSIC,
2350 434 356 57 Continued.
3645 437 61 49 15

2080 535 137 35 called?

2170 592 37 33 It
2231 592 30 35 is
2287 604 22 21 a
2334 591 78 35 soft
2435 594 86 32 tone
2547 592 73 33 and
2644 590 30 35 is
2700 590 118 36 called
2845 590 127 43 Piano,
2997 590 74 34 and
3096 591 30 34 is
3152 588 152 40 marked
3330 591 42 33 P.

2170 650 29 31 6.
2223 648 114 35 What
2368 648 30 34 is
2430 649 62 34 the
2523 651 84 31 tone
2639 648 188 45 produced
2859 648 48 44 by
2940 658 22 22 a
2994 649 138 44 strong,
3166 645 70 36 full
3269 647 103 33 vocal
3401 645 166 35 exertion
3599 642 137 37 called?

2169 705 37 33 It
2236 705 31 34 is
2298 705 88 33 loud
2414 708 88 31 tone
2533 705 72 33 and
2637 705 29 33 is
2698 704 116 34 called
2846 704 123 40 Forte,
3002 704 71 33 and
3104 705 30 31 is
3165 701 151 38 marked
3349 704 41 32 F.

2167 760 30 32 7.
2222 758 113 37 What
2352 761 30 32 is
2403 770 21 22 a
2444 762 85 31 tone
2548 758 189 47 produced
2758 758 49 44 by
2828 769 21 22 a
2868 758 105 33 small
2993 758 163 33 exertion
3178 757 41 33 of
3240 757 59 36 the
3319 756 103 34 vocal
3444 766 133 35 organs
3598 755 138 34 called?

2169 815 37 33 It
2246 817 30 33 is
2318 828 23 21 a
2380 819 86 31 tone
2508 815 120 34 softer
2668 815 89 32 than
2799 814 116 34 Piano
2956 815 72 32 and
3069 816 30 32 is
3140 812 118 38 called
3300 814 254 42 Piannissimo,
3596 814 72 33 and
3709 813 31 34 is

2075 861 152 34 marked
2252 862 39 32 P.
2314 864 41 32 P.

2163 918 30 32 8.
2219 917 112 35 What
2354 919 29 33 is
2408 928 21 22 a
2451 921 85 31 tone
2560 916 186 44 produced
2769 918 49 43 by
2841 928 20 22 a
2885 918 167 44 stronger
3074 917 116 34 effort
3213 916 41 33 of
3278 918 59 33 the
3362 917 103 34 vocal
3488 928 134 33 organs
3646 916 90 34 than

2077 965 31 33 is
2143 962 170 47 required
2349 965 59 33 for
2445 964 112 32 Forte
2592 964 137 33 called?

2168 1021 36 33 It
2235 1021 31 35 is
2300 1020 117 35 called
2453 1020 227 35 Fortissimo.

2165 1079 31 30 9.
2221 1077 113 35 What
2365 1079 31 33 is
2430 1089 22 21 a
2482 1081 86 30 tone
2601 1077 114 34 which
2749 1078 30 35 is
2813 1077 241 41 commenced,
3087 1075 196 39 continued
3317 1078 73 34 and
3421 1079 119 32 ended
3572 1080 89 33 with
3691 1090 47 22 an

2075 1123 109 45 equal
2216 1123 132 45 degree
2380 1124 42 33 of
2452 1134 125 33 power
2609 1123 138 34 called?

2166 1180 36 34 It
2235 1181 29 32 is
2298 1180 118 35 called
2450 1191 47 22 an
2529 1180 127 45 Organ
2688 1181 109 33 Tone.

2165 1239 51 31 10.
2241 1236 112 36 What
2380 1238 31 34 is
2441 1248 22 22 a
2490 1240 86 31 tone
2605 1237 248 46 commencing
2880 1236 79 36 soft
2985 1237 72 33 and
3085 1235 208 51 increasing
3319 1237 89 34 loud
3435 1236 140 36 called?

2166 1293 36 34 It
2226 1294 29 35 is
2282 1293 117 35 called
2423 1294 215 34 Crescendo.
2688 1295 37 32 It
2750 1295 29 33 is
2805 1294 153 34 marked
2984 1295 98 33 Cres.
3109 1306 42 21 or

2075 1338 119 35 called
2219 1339 120 35 what?

2169 1397 50 31 11.
2244 1396 35 34 A
2305 1400 84 31 tone
2417 1397 248 45 commencing
2689 1396 89 35 loud
2805 1398 72 33 and
2904 1398 194 45 gradually
3124 1395 235 52 diminishing
3383 1400 40 33 to
3448 1398 91 41 soft,
3563 1400 30 33 is
3621 1398 117 34 what?

2166 1452 37 34 It
2228 1453 30 34 is
2287 1453 117 34 called
2431 1453 258 41 Diminuendo,
2717 1454 72 34 and
2817 1456 31 33 is
2876 1454 151 34 marked
3055 1455 101 34 thus:

2166 1511 50 32 12.
2243 1510 33 34 A
2316 1513 85 31 tone
2440 1511 201 45 consisting
2679 1511 42 32 of
2759 1511 60 34 the
2858 1513 111 32 union
3008 1513 41 31 of
3087 1511 205 37 Crescendo
3332 1512 72 34 and
3443 1513 224 33 Diminundo
3706 1512 29 34 is

2074 1556 117 34 called
2215 1555 118 35 what?

2166 1613 36 32 It
2236 1614 31 33 is
2303 1612 117 35 called
2457 1624 21 22 a
2514 1613 108 35 Swell
2658 1613 72 34 and
2765 1614 30 35 is
2832 1614 152 34 marked
3019 1614 49 46 by
3104 1627 22 21 a
3161 1615 111 36 union
3308 1616 42 33 of
3385 1616 96 35 Dim.
3519 1617 72 32 and
3628 1616 110 41 Cres.,

2074 1658 103 35 thus:

2163 1713 221 38 NoteThe
2409 1716 105 34 three
2537 1715 201 47 preceding
2761 1717 208 35 characters
2996 1729 63 23 are
3085 1717 212 48 frequently
3323 1719 150 46 applied
3498 1723 39 32 to
3563 1729 175 36 passages

2074 1762 42 32 of
2139 1761 114 35 music
2276 1773 40 24 as
2340 1762 80 34 well
2444 1773 40 22 as
2507 1766 39 30 to
2567 1763 208 46 particular
2797 1767 115 32 notes.

2165 1819 50 32 13.
2241 1817 112 37 What
2385 1821 30 33 is
2448 1831 46 22 an
2527 1822 147 33 accent?

2164 1874 34 33 A
2225 1873 205 50 particular
2457 1879 112 32 stress
2596 1877 42 33 of
2661 1878 100 34 voice
2785 1878 74 33 laid
2886 1889 45 23 on
2957 1889 22 22 a
3003 1882 87 42 part
3113 1879 44 35 of
3181 1879 59 34 the
3265 1889 178 26 measure.

2165 1932 51 32 14.
2241 1929 176 38 Describe
2443 1934 62 32 the
2534 1933 200 36 difference
2762 1938 37 31 in
2828 1936 180 45 emphasis
3038 1938 72 32 and
3139 1939 136 33 accent.

2162 1987 196 48 Emphasis
2382 1989 65 37 has
2471 1990 188 35 reference
2684 1994 39 30 to
2746 1993 59 33 the
2829 1993 119 34 words
2972 1993 114 33 which
3111 2004 61 23 are
3194 2003 97 35 sung
3312 1998 39 30 to
3376 2006 21 21 a
3421 1994 100 45 piece
3547 1996 41 32 of
3611 1995 124 34 music.

2074 2045 36 33 It
2138 2044 154 37 consists
2322 2048 37 31 in
2389 2057 21 22 a
2438 2047 205 43 particular
2671 2050 112 33 stress
2812 2050 41 31 of
2881 2050 60 33 the
2969 2050 99 34 voice
3096 2060 101 34 upon
3225 2050 183 45 emphatic
3436 2051 119 34 words
3583 2051 153 34 without

2076 2099 135 47 regard
2230 2104 39 31 to
2288 2102 63 35 the
2371 2102 210 45 rhymitical
2599 2106 138 32 accent.

2721 2172 94 34 SOL
2841 2171 265 37 MIZATION.

2164 2245 235 40 Solmization
2431 2251 31 33 is
2495 2249 61 35 the
2590 2248 227 48 application
2850 2252 42 33 of
2923 2253 140 32 certain
3096 2251 169 46 syllables
3300 2264 43 24 or
3374 2256 104 33 notes
3512 2258 39 31 to
3585 2253 152 35 musical

2072 2302 148 36 sounds.
2272 2306 76 33 The
2375 2305 72 34 end
2477 2304 184 47 proposed
2690 2306 47 44 by
2766 2309 29 32 it
2822 2309 31 33 is
2882 2308 81 35 that
2991 2309 60 33 the
3081 2319 97 24 same
3208 2320 116 30 name,
3352 2311 206 44 invariably
3588 2311 149 44 applied

2073 2362 38 30 to
2145 2359 62 33 the
2239 2371 101 24 same
2371 2361 170 42 interval,
2574 2373 86 35 may
2693 2363 189 46 naturally
2915 2367 150 42 suggest
3098 2366 49 33 its
3181 2368 82 33 true
3298 2366 157 36 relation
3490 2368 75 32 and
3600 2378 138 34 proper

2072 2414 129 35 sound.
2250 2417 75 34 The
2353 2418 154 35 Italians
2534 2429 64 25 use
2627 2420 58 32 for
2713 2419 70 36 this
2810 2431 162 35 purpose
2999 2423 60 32 the
3086 2421 189 37 character
3303 2435 41 22 or
3373 2423 170 47 syllables
3572 2426 69 40 Do,
3673 2425 65 41 Re,

2073 2473 65 39 Mi,
2166 2473 65 40 Fa,
2259 2473 75 42 Sol,
2362 2475 66 42 La,
2458 2476 38 33 Si
2531 2477 79 44 (the
2638 2487 138 37 proper
2805 2479 305 45 pronounciation
3139 2479 109 47 being
3275 2482 91 41 Doe,
3396 2483 90 39 Rae,
3515 2484 93 39 Mee,
3639 2483 98 41 Faw,

2073 2528 94 42 Sole,
2196 2532 98 40 Law,
2323 2531 103 45 See),
2456 2533 72 33 and
2558 2534 85 45 they
2672 2545 62 23 are
2764 2536 149 45 applied
2943 2538 37 32 in
3008 2538 70 33 this
3109 2537 108 35 order
3246 2542 38 31 to
3313 2540 60 34 the
3404 2540 198 46 ascending
3631 2541 107 40 scale,

2071 2588 38 32 Si
2132 2587 110 46 being
2260 2589 61 36 the
2342 2589 150 47 leading
2510 2594 96 32 note.
2651 2592 43 34 In
2717 2593 70 37 this
2811 2598 157 43 country
2989 2597 71 32 and
3083 2597 36 33 in
3143 2597 172 48 England
3339 2599 86 35 four
3447 2600 41 32 of
3509 2601 101 34 these
3632 2603 104 32 notes

2071 2655 41 22 or
2136 2644 169 47 syllables
2328 2647 87 45 only
2438 2649 91 34 have
2552 2651 91 34 been
2666 2652 204 46 commonly
2894 2654 100 41 used,
3019 2655 154 45 namely,
3199 2657 64 40 Fa,
3289 2658 73 40 Sol,
3387 2657 66 41 La,
3478 2660 64 39 Mi,
3567 2660 61 34 the
3653 2659 84 36 first

2070 2699 103 37 three
2201 2702 110 46 being
2339 2706 176 43 repeated
2545 2708 73 33 and
2649 2709 54 33 Mi
2732 2710 110 45 being
2869 2712 62 33 the
2961 2713 149 45 leading
3138 2717 95 32 note.
3286 2715 192 42 However,
3507 2717 61 35 the
3599 2716 138 36 Italian

2070 2756 146 37 method
2247 2759 64 35 has
2344 2760 89 36 been
2464 2763 195 46 preferred
2691 2766 46 43 by
2768 2780 111 33 many
2908 2780 207 37 composers
3148 2773 71 33 and
3251 2773 231 39 instructors.
3537 2778 104 34 Since
3674 2778 61 34 the

2072 2814 156 48 shaping
2258 2817 60 35 the
2350 2819 112 37 heads
2495 2822 40 33 of
2566 2824 103 34 notes
2701 2825 36 32 in
2769 2826 71 34 this
2874 2827 71 34 and
2977 2829 60 33 the
3070 2830 71 34 last
3174 2832 154 45 century
3359 2833 101 35 there
3492 2834 65 34 has
3589 2834 91 36 been
3714 2845 23 22 a

2071 2874 106 43 great
2205 2873 83 37 deal
2316 2878 43 32 of
2385 2879 115 35 music
2529 2881 147 35 written
2705 2883 37 33 in
2770 2886 61 34 the
2862 2886 216 47 four-shape
3109 2889 72 33 and
3212 2889 238 48 seven-shape
3480 2895 114 32 notes.
3649 2893 86 36 This

2072 2929 146 35 method
2243 2933 31 33 is
2302 2936 144 45 getting
2472 2940 40 30 to
2537 2938 44 35 be
2607 2939 100 44 quite
2734 2941 171 47 popular,
2932 2944 196 45 especially
3153 2947 38 32 in
3217 2947 61 35 the
3306 2948 182 35 Southern
3514 2950 74 33 nad
3615 2950 104 37 West

2070 2996 64 23 ern
2160 2989 126 40 states,
2312 2992 72 32 and
2410 3002 22 23 a
2457 2997 105 41 great
2588 2995 82 35 deal
2695 2997 42 33 of
2761 2999 30 34 it
2816 3001 37 32 in
2878 3000 61 35 the
2967 3002 188 34 Northern
3180 3005 127 40 states,
3333 3006 72 34 and
3430 3006 61 34 the
3516 3018 64 23 use
3604 3009 43 33 of
3673 3008 61 35 the

2071 3041 112 47 shape
2220 3045 141 37 headed
2399 3051 102 35 notes
2540 3062 42 24 or
2619 3052 170 47 syllables
2828 3058 31 34 is
2898 3057 142 48 largely
3077 3071 44 22 on
3162 3059 59 36 the
3259 3061 164 36 increase
3462 3063 49 34 all
3549 3074 85 26 over
3672 3065 60 36 the

2065 3102 169 47 country,
2257 3104 74 36 and
2352 3107 32 37 is
2408 3107 108 37 much
2538 3109 119 39 easier
2679 3111 151 39 learned
2853 3114 90 40 than
2966 3117 119 36 where
3109 3118 49 35 all
3182 3118 116 38 music
3321 3121 31 35 is
3378 3121 147 37 written
3546 3122 41 36 in
3610 3121 121 39 round

2048 3158 116 37 notes.
