4038 3452
584 432 64 50 12
1519 423 464 62 RUDIMENTS
2049 422 100 61 OF

566 518 53 34 10.
644 517 112 34 What
782 518 30 31 is
839 518 125 32 meant
990 514 48 46 by
1065 515 223 35 Dominant?

566 575 75 32 The
670 573 87 35 fifth
783 573 41 33 of
851 573 61 33 the
940 571 108 43 scale,
1075 575 86 30 next
1188 573 38 32 in
1255 571 122 47 ruling
1404 581 124 37 power
1555 575 39 32 to
1621 574 109 33 tonic.

567 627 52 37 11.
643 629 114 35 What
776 630 31 33 is
830 630 123 32 meant
974 627 49 45 by
1044 627 279 36 Sub-mediant?

566 687 124 33 Minor
714 686 110 34 tonic.
872 686 77 32 The
974 687 84 32 tone
1083 686 103 43 lying
1210 684 209 34 downward
1442 685 160 45 midway
1627 687 98 32 from
1749 686 99 33 tonic
1872 690 39 30 to
1939 682 202 39 sub-domi-

480 748 100 29 hant.
646 744 128 39 Seven,
814 742 64 36 the
918 740 150 48 leading
1107 741 474 48 note—jSub-tonic—plays
1626 754 48 25 an
1714 744 204 44 important
1957 743 100 43 part,
2098 741 31 32 it

478 801 109 46 being
613 801 61 34 the
703 802 166 45 gateway
898 799 99 35 from
1022 799 124 46 major
1173 799 89 45 keys
1290 802 38 33 to
1356 800 118 35 minor
1499 799 99 45 keys.

1220 865 195 37 LESSON
1435 867 46 33 X.

524 919 203 43 SHARPS
763 921 111 38 AND
912 920 162 41 FLATS
1110 923 63 37 AS
1210 922 331 37 SIGNATURES
1577 924 110 34 AND
1726 920 370 38 ACCIDENTALS.

568 1008 29 31 1.
622 1005 113 36 What
761 1006 31 34 is
819 1016 22 21 a
866 1005 133 45 sharp?

566 1064 35 32 A
633 1062 111 45 sharp
775 1062 31 33 is
839 1072 21 21 a
892 1061 79 44 sign
1004 1061 41 33 of
1074 1059 192 36 elevation.
1322 1061 36 33 It
1389 1061 31 33 is
1452 1059 116 33 called
1601 1070 21 22 a
1655 1059 197 44 Signature
1885 1059 119 44 Sharp
2037 1057 102 34 when

477 1119 132 45 placed
639 1122 40 31 at
708 1119 61 33 the
798 1117 200 47 beginning
1029 1117 40 33 of
1101 1127 21 23 a
1151 1118 101 43 piece
1284 1118 40 32 of
1354 1117 127 39 music,
1512 1127 40 21 or
1583 1116 101 32 when
1715 1115 130 44 placed
1877 1126 45 23 on
1954 1114 61 34 the
2047 1114 92 34 staff

478 1178 37 33 in
541 1176 61 35 the
628 1175 138 45 change
793 1175 41 33 of
860 1175 60 33 the
947 1174 71 44 key
1044 1175 36 32 in
1106 1174 61 34 the
1194 1173 240 46 composition
1461 1174 87 42 they
1574 1174 137 42 change
1740 1173 59 33 the
1828 1171 101 46 pitch
1957 1172 41 33 of
2025 1172 114 33 notes.

566 1236 32 30 2.
623 1233 118 34 When
762 1234 31 33 is
817 1243 22 23 a
861 1233 111 44 sharp
997 1243 22 22 a
1042 1231 80 47 sign
1146 1231 41 33 of
1210 1231 179 33 elevation
1413 1231 72 33 and
1510 1232 63 31 not
1597 1241 21 21 a
1642 1230 210 43 signature?

567 1290 118 36 When
722 1291 32 33 it
792 1291 29 32 is
859 1289 131 47 placed
1027 1286 128 38 before
1195 1299 22 21 a
1254 1290 95 32 note.
1411 1289 37 33 It
1486 1288 30 34 is
1555 1287 87 35 then
1679 1286 117 34 called
1835 1296 48 24 an
1919 1283 220 36 Accidental

486 1356 133 44 Sharp,
646 1356 73 33 and
746 1355 113 35 raises
888 1355 61 34 the
975 1352 102 48 pitch
1103 1354 41 34 of
1171 1354 60 34 the
1259 1356 84 32 note
1371 1364 22 23 a
1419 1352 191 44 half-step.
1659 1352 33 33 A
1726 1350 131 35 double
1885 1349 110 47 sharp

480 1424 113 32 raises
625 1422 61 35 the
717 1421 103 46 pitch
853 1421 40 34 of
927 1431 21 22 a
979 1422 86 34 note
1097 1430 22 23 a
1150 1419 114 36 whole
1297 1422 92 43 step.

487 1492 12 21 ■i
569 1482 31 30 3.
625 1479 113 35 What
768 1479 30 33 is
830 1488 22 22 a
882 1476 87 34 flat?

571 1536 37 34 It
633 1536 30 33 is
690 1546 21 22 a
737 1535 81 45 sign
843 1534 41 34 of
910 1530 213 49 depression
1148 1534 73 35 and
1247 1532 102 35 when
1375 1533 89 34 used
1492 1535 38 31 at
1555 1532 60 36 the
1641 1530 199 46 beginning
1864 1531 30 34 it
1918 1531 31 35 is
1976 1527 116 36 called
2120 1538 21 22 a

481 1597 198 44 Signature
713 1593 96 35 Flat.
863 1592 119 36 When
1014 1592 90 35 used
1135 1590 39 36 in
1205 1589 61 35 the
1299 1589 241 46 composition
1570 1589 31 35 it
1632 1589 30 34 is
1696 1587 117 34 called
1846 1598 46 23 an
1923 1583 219 37 Accidental

480 1652 99 34 Flat.

569 1711 31 32 4.
624 1707 115 36 What
762 1707 113 34 effect
896 1706 66 34 has
987 1717 21 23 a
1032 1704 67 37 flat
1123 1712 46 28 on
1196 1715 21 23 a
1239 1704 107 33 note?

569 1766 37 34 It
629 1766 129 34 lowers
783 1765 60 34 the
869 1763 102 45 pitch
996 1763 41 34 of
1061 1763 31 34 it
1119 1773 22 23 a
1166 1760 191 47 half-step.
1405 1759 35 35 A
1467 1758 131 35 double
1625 1759 67 33 flat
1718 1759 45 32 bb
1792 1757 125 34 lowers
1942 1757 30 33 it
2000 1768 22 21 a
2047 1757 92 43 step.

572 1826 30 31 5.
628 1822 113 36 What
768 1823 31 33 is
829 1832 22 23 a
879 1819 170 36 natural?

572 1880 36 33 A
639 1879 191 34 character
859 1881 40 31 to
928 1872 209 43 contradict
1167 1886 22 23 a
1220 1875 110 46 sharp
1361 1886 42 22 or
1432 1874 77 32 flat.
1562 1873 38 34 It
1630 1872 142 34 cancels
1801 1872 96 34 their
1926 1871 114 34 effect
2071 1869 73 34 and

484 1928 30 33 is
542 1925 117 35 called
685 1926 49 43 by
760 1935 99 24 some
885 1923 60 35 the
972 1920 133 39 cancel.

522 2005 170 35 TABLE
725 2004 65 36 OF
824 2003 134 34 KEYS
991 2003 64 33 OF
1090 1996 203 45 SHARPS
1327 2000 57 33 IN
1417 1998 106 34 THE
1559 1996 176 36 MAJOR
1767 1997 110 33 AND
1911 1994 181 36 MINOR.

572 2082 78 35 The
677 2082 101 36 Clefs
807 2082 80 45 give
915 2081 60 35 the
1001 2079 70 46 key
1098 2079 41 35 of
1166 2079 28 35 C
1221 2078 125 46 major
1373 2078 73 33 and
1474 2077 35 33 A
1536 2078 129 32 minor.
1717 2073 161 35 Natural
1904 2074 80 42 key.

568 2143 13 31 1
630 2141 121 43 Sharp
784 2136 108 36 Gives
921 2136 60 34 the
1010 2135 69 45 key
1108 2135 42 34 of
1179 2135 34 34 G
1240 2134 141 44 Major.
1459 2135 107 33 Thus:

568 2188 11 30 1
630 2186 117 43 Sharp
805 2182 111 34 Gives
941 2181 62 34 the
1029 2179 70 47 key
1127 2180 41 35 of
1195 2181 32 32 E
1256 2180 132 33 Minor.

562 2232 21 31 2
631 2231 116 41 Sharp
780 2227 108 35 Gives
913 2227 60 33 the
998 2226 70 45 key
1091 2226 41 34 of
1156 2225 34 33 D
1215 2225 120 45 Sharp
1372 2222 141 45 Major.

562 2275 22 32 2
630 2275 116 41 Sharp
783 2273 108 34 Gives
923 2271 60 35 the
1014 2270 70 46 key
1113 2271 43 34 of
1188 2271 30 32 B
1253 2271 132 32 Minor.

562 2321 21 32 3
630 2317 112 45 Sharp
790 2318 108 34 Gives
927 2317 62 34 the
1018 2315 70 46 key
1118 2316 40 35 of
1188 2316 34 33 A
1254 2316 139 43 Major.

561 2365 22 32 3
630 2363 114 43 Sharp
781 2364 108 35 Gives
908 2363 61 33 the
987 2362 70 44 key
1075 2361 43 35 of
1138 2360 29 35 F
1187 2360 119 46 Sharp
1328 2361 134 33 Minor.

562 2409 23 31 4
631 2406 114 44 Sharp
773 2409 108 34 Gives
916 2407 61 36 the
1011 2407 70 46 key
1115 2407 41 35 of
1192 2408 32 31 E
1253 2409 125 41 Major,

562 2456 22 29 4
629 2451 115 44 Sharp
769 2454 110 34 Gives
898 2454 62 31 the
977 2453 70 45 key
1066 2453 42 33 of
1127 2451 29 36 C
1177 2451 119 47 Sharp
1317 2451 134 33 Minor.

561 2499 21 32 5
629 2496 115 43 Sharp
770 2499 108 35 Gives
905 2498 61 34 the
992 2498 70 44 key
1089 2498 40 34 of
1158 2498 29 33 B
1217 2496 138 45 Major.

561 2543 21 32 5
628 2540 114 43 Sharp
771 2544 109 35 Gives
902 2544 61 32 the
984 2543 69 45 key
1075 2543 41 34 of
1137 2542 32 35 G
1192 2542 120 45 Sharp
1336 2541 133 33 Minor.

560 2590 21 30 6
628 2584 115 44 Sharp
772 2589 108 34 Gives
897 2589 62 33 the
975 2589 70 44 key
1063 2588 42 34 of
1124 2587 30 35 F
1172 2586 119 47 Sharp
1311 2586 139 43 Major.

561 2633 20 30 6
629 2632 113 40 Sharp
773 2635 109 34 Gives
914 2634 60 34 the
1005 2633 70 46 key
1105 2634 41 35 of
1176 2632 35 34 D
1243 2630 140 46 Major.

560 2676 22 33 7
626 2674 119 42 Sharp
774 2681 109 34 Gives
910 2679 61 34 the
997 2678 70 46 key
1093 2679 42 35 of
1161 2678 29 35 C
1225 2678 113 45 Sharp
1373 2676 139 44 Major.

560 2724 22 29 7
627 2722 119 40 Sharp
776 2726 109 34 Gives
913 2725 60 33 the
1001 2723 70 46 key
1098 2724 42 35 of
1169 2724 33 34 A
1243 2725 115 43 Sharp
1389 2723 132 31 Minor.

804 2816 161 34 FLATS
1008 2814 56 35 IN
1106 2808 108 48 THE
1255 2811 177 37 MAJOR
1472 2810 111 36 AND
1623 2807 187 43 MINOR.

571 2910 16 30 1
616 2908 19 32 b
662 2907 97 46 gives
784 2908 61 32 the
868 2906 71 44 key
963 2905 41 35 of
1029 2906 30 33 F
1085 2896 140 59 Major.

573 2955 15 31 1
618 2954 19 31 b
664 2952 98 45 gives
787 2953 61 33 the
871 2952 71 43 key
965 2951 42 34 of
1030 2952 34 32 D
1091 2930 134 63 Minor'

572 3001 21 31 2
619 2997 104 36 Flats
749 2998 19 32 b
797 2998 20 32 b
843 2998 98 42 gives
964 2996 61 35 the
1046 2992 71 50 key
1140 2996 42 36 of
1205 2996 30 32 B
1261 2995 20 34 6
1305 2995 140 43 Major.

573 3047 21 29 2
619 3043 105 35 Flats
749 3044 21 31 b
797 3044 20 31 b
842 3043 100 43 gives
964 3041 61 35 the
1047 3037 72 50 key
1137 3041 44 36 of
1203 3041 35 34 G
1259 3040 134 34 Minor.

561 3093 23 31 3
608 3088 104 37 Flats
738 3089 20 33 b
785 3089 21 33 b
832 3089 21 33 b
879 3088 98 45 gives
1000 3087 62 36 the
1082 3080 72 57 key
1174 3087 43 36 of
1239 3087 33 37 E
1297 3088 21 35 b
1343 3085 139 45 Major,

2214 423 259 57 MUSIC.
2609 419 359 60 Continued.

2308 516 21 30 3
2354 512 103 36 Flats
2484 514 19 32 b
2531 514 20 32 b
2578 514 20 31 b
2625 512 98 45 gives
2755 512 59 34 the
2845 511 68 44 key
2945 511 40 33 of
3019 511 29 35 C
3079 510 133 35 Minor.

2308 572 21 30 4
2355 568 103 35 Flats
2484 571 19 31 b
2531 570 19 31 b
2579 570 19 31 b
2626 569 19 32 b
2672 569 98 43 gives
2798 569 60 33 the
2883 567 69 43 key
2980 566 41 34 of
3047 567 35 34 A
3111 568 20 31 b
3159 566 141 43 Major,

2310 629 21 30 4
2356 625 103 35 Flats
2486 627 19 32 b
2532 626 20 32 b
2580 626 20 32 b
2627 625 35 38 6.
2673 626 98 44 gives
2794 625 61 32 the
2876 624 71 45 key
2969 623 41 33 of
3033 622 29 33 F
3085 623 132 35 Minor.

2310 686 19 30 5
2356 683 104 34 Flats
2486 684 20 31 b
2532 683 21 32 b
2580 682 20 33 b
2627 682 21 32 b
2675 681 20 33 b
2721 682 98 44 gives
2842 682 61 33 the
2925 679 71 46 key
3018 680 42 33 of
3081 681 35 32 D
3141 681 20 31 b
3185 679 140 44 Major,

2311 743 19 30 5
2357 740 103 34 Flats
2487 740 19 32 b
2534 740 19 32 b
2581 739 19 32 b
2628 739 20 32 b
2675 738 19 32 b
2721 739 98 45 gives
2846 738 60 33 the
2932 735 70 46 key
3028 737 42 34 of
3097 737 30 33 B
3157 738 20 31 b
3205 737 132 33 Minor.

2312 800 19 30 6
2357 797 103 34 Flats
2487 798 19 31 b
2534 797 19 32 b
2581 797 19 31 b
2628 796 20 32 b
2676 796 22 32 b
2724 796 18 31 b
2770 798 97 42 gives
2900 795 61 33 the
2993 792 71 48 key
3098 795 41 32 of
3172 794 33 34 G
3239 794 19 31 b
3292 792 140 45 Major,

2311 857 20 31 6
2357 854 102 34 Flats
2485 855 19 32 b
2532 854 19 33 b
2580 854 19 32 b
2627 854 19 32 b
2675 853 19 32 b
2722 853 19 32 b
2768 855 98 43 gives
2888 852 60 33 the
2970 849 70 48 key
3062 851 41 33 of
3123 852 32 33 E
3181 851 19 33 b
3223 851 133 34 Minor.

2313 913 19 32 7
2358 911 102 34 Flats
2487 912 19 32 b
2534 911 19 33 b
2581 911 19 32 b
2629 910 19 32 b
2676 910 19 32 b
2723 909 20 33 b
2770 910 19 32 b
2817 910 98 44 gives
2944 908 59 34 the
3030 907 70 46 key
3126 908 42 33 of
3197 907 29 36 C
3257 909 19 31 b
3307 906 138 45 Major.

2312 969 20 32 7
2357 967 104 34 Flats
2487 968 20 32 b
2535 967 19 32 b
2581 967 20 32 b
2628 966 20 32 b
2676 966 20 32 b
2723 966 20 32 b
2770 967 20 31 b
2816 967 99 43 gives
2937 965 61 35 the
3019 964 71 46 key
3112 965 43 33 of
3178 965 36 32 A
3239 964 20 32 b
3284 965 134 32 Minor.

2313 1025 74 33 The
2421 1022 148 37 natural
2601 1023 105 43 place
2743 1023 60 33 for
2837 1024 60 32 Me
2931 1023 38 31 in
3002 1022 62 36 the
3097 1022 130 44 Major
3261 1020 96 35 scale
3390 1020 31 33 is
3453 1029 49 24 on
3535 1018 44 41 B,
3612 1026 47 27 no
3694 1016 111 48 sharp
3839 1026 43 26 or

2223 1082 78 40 flat,
2329 1082 83 34 thus
2442 1080 60 34 the
2531 1079 70 45 key
2630 1082 85 30 note
2744 1080 38 32 in
2812 1079 129 43 Major
2971 1078 121 35 would
3123 1078 45 32 be
3200 1087 38 24 as
3270 1076 160 34 follows:

2314 1141 29 30 1.
2369 1138 118 46 Sharp
2514 1137 88 33 Faw
2625 1136 61 34 the
2708 1137 70 44 key
2802 1139 85 30 note
2911 1134 121 35 would
3055 1135 45 34 be
3125 1145 46 23 on
3196 1135 43 34 G.

2309 1198 31 31 2.
2366 1195 118 45 Sharp
2511 1195 87 33 Faw
2621 1194 61 33 the
2705 1193 72 45 key
2800 1196 84 31 note
2907 1192 121 34 would
3051 1192 44 35 be
3120 1202 46 23 on
3190 1193 46 32 D.

2308 1255 32 30 3.
2365 1252 119 44 Sharp
2510 1252 87 33 Faw
2620 1252 61 31 the
2704 1251 71 44 key
2798 1254 85 30 note
2906 1249 122 34 would
3050 1250 46 34 be
3120 1259 46 23 on
3190 1250 47 31 A.

2309 1301 31 30 4.
2366 1298 119 44 Sharp
2512 1298 86 32 Faw
2622 1298 61 31 the
2706 1297 70 44 key
2800 1300 85 29 note
2909 1295 120 33 would
3054 1295 44 34 be
3122 1306 46 21 on
3193 1296 44 32 E.

2310 1347 31 31 5.
2366 1343 119 46 Sharp
2512 1343 87 33 Faw
2622 1343 61 32 the
2706 1343 71 44 key
2801 1345 84 30 note
2910 1341 120 34 would
3054 1341 45 34 be
3123 1351 47 22 on
3194 1341 43 32 B.

2311 1403 29 31 6.
2366 1400 119 46 Sharp
2507 1400 88 33 Faw
2614 1400 60 34 the
2692 1399 70 44 key
2783 1403 84 30 note
2886 1398 121 34 would
3027 1398 44 35 be
3092 1408 47 24 on
3159 1398 29 33 F
3208 1397 124 45 sharp.

2312 1459 30 31 7.
2367 1456 119 47 Sharp
2513 1456 88 34 Faw
2624 1457 60 33 the
2707 1456 70 44 key
2802 1458 84 31 note
2909 1455 122 33 would
3053 1454 45 35 be
3123 1464 47 25 on
3193 1454 40 35 C.

2314 1514 76 33 The
2425 1512 112 38 above
2571 1514 30 33 is
2638 1513 58 33 for
2732 1514 188 33 four-note
2954 1510 158 37 method.
3171 1510 39 35 If
3243 1509 120 36 round
3396 1520 43 25 or
3472 1508 238 46 seven-shape
3742 1507 142 36 headed

2223 1573 104 33 notes
2352 1581 62 22 are
2440 1569 102 42 used,
2566 1569 60 34 Do
2650 1569 121 35 would
2796 1570 45 33 be
2866 1569 61 33 the
2951 1569 72 43 key
3048 1569 86 33 note
3159 1569 39 32 in
3223 1567 106 45 place
3353 1564 44 38 of
3422 1566 100 36 Faw.

2313 1627 122 33 Minor
2456 1625 71 49 key
2547 1626 31 34 it
2599 1625 120 35 would
2740 1625 44 35 be
2806 1626 46 39 A,
2873 1636 46 23 no
2943 1625 110 44 sharp
3076 1635 42 24 or
3140 1624 77 35 flat.

2314 1685 30 32 1.
2369 1683 119 44 Sharp
2513 1682 88 36 Law
2625 1683 60 33 the
2708 1682 71 44 key
2802 1685 85 30 note
2910 1681 120 33 would
3053 1680 45 35 be
3123 1692 45 21 on
3194 1681 43 33 E.

2314 1741 32 32 2.
2372 1740 118 45 Sharp
2516 1739 88 35 Law
2628 1738 60 34 the
2712 1738 69 44 key
2804 1741 84 31 note
2912 1738 121 33 would
3057 1737 43 35 be
3126 1749 46 21 on
3198 1738 42 32 B.

2315 1799 31 31 3.
2372 1797 118 44 Sharp
2516 1796 88 35 Law
2628 1796 60 33 the
2712 1795 70 45 key
2806 1798 84 32 note
2912 1795 120 33 would
3056 1794 43 36 be
3126 1795 29 32 F
3181 1794 121 44 sharp.

2313 1856 32 31 4.
2370 1854 120 45 Sharp
2514 1852 90 36 Law
2626 1853 61 35 the
2710 1852 71 45 key
2804 1855 85 32 note
2912 1852 122 34 would
3055 1851 46 35 be
3125 1862 46 22 on
3195 1851 30 34 C
3248 1850 123 45 sharp.

2316 1913 30 31 5.
2373 1911 118 44 Sharp
2517 1909 88 36 Law
2627 1910 62 35 the
2712 1909 70 45 key
2806 1912 85 31 note
2914 1909 121 34 would
3059 1908 43 35 be
3126 1919 46 22 on
3197 1907 33 34 G
3255 1907 121 46 sharp.

2315 1969 30 32 6.
2371 1968 119 44 Sharp
2515 1967 69 34 law
2607 1967 62 36 the
2692 1967 70 44 key
2786 1970 85 31 note
2894 1965 120 35 would
3038 1965 45 36 be
3107 1975 45 23 on
3177 1965 33 32 D
3237 1963 121 46 sharp.

2316 2026 30 33 7.
2371 2025 119 45 Sharp
2515 2023 88 36 Law
2626 2025 61 33 the
2711 2024 71 44 key
2804 2026 85 31 note
2913 2021 121 35 would
3058 2022 44 33 be
3126 2033 46 21 on
3197 2022 35 32 A
3256 2019 122 47 sharp.

2316 2080 40 33 If
2381 2081 59 33 the
2466 2081 119 33 round
2611 2091 42 24 or
2679 2080 237 44 seven-shape
2941 2081 103 32 notes
3071 2088 61 24 are
3158 2078 101 39 used,
3284 2077 59 35 the
3370 2086 98 28 same
3493 2077 72 44 key
3589 2079 87 33 note
3700 2078 88 33 Law
3812 2075 77 35 wilt

2226 2139 44 34 be
2298 2138 99 33 used.
2449 2138 53 36 As
2528 2134 126 47 above,
2680 2136 62 34 the
2767 2137 73 44 key
2867 2138 86 33 note
2979 2136 31 33 is
3037 2134 63 37 the
3128 2145 97 23 same
3252 2135 37 31 in
3319 2129 229 53 four-shape,
3576 2132 238 47 seven-shape
3844 2143 43 23 or

2226 2192 119 37 round
2370 2196 114 34 notes.

2315 2283 230 44 Four-shape
2569 2279 162 40 Method.

2313 2342 28 30 1.
2369 2339 85 33 Flat
2478 2340 70 43 key
2572 2338 41 34 of
2639 2338 29 33 F
2739 2338 97 34 Faw.

2313 2397 31 32 2.
2371 2396 85 33 Flat
2480 2395 69 44 key
2573 2394 41 36 of
2638 2394 30 33 B
2697 2394 19 32 b
2744 2395 97 33 Faw.

2314 2453 31 31 3.
2372 2452 85 32 Flat
2480 2452 67 43 key
2576 2450 40 35 of
2639 2450 32 34 E
2697 2450 20 32 b
2744 2450 98 34 Faw.

2314 2510 30 31 4.
2372 2508 84 33 Flat
2478 2509 71 43 key
2573 2508 41 34 of
2639 2509 34 32 A
2699 2508 20 31 &
2747 2507 97 33 Faw.

2316 2566 40 32 If
2386 2566 61 33 the

2226 2623 38 33 in
2294 2622 60 34 the
2385 2622 105 44 place
2519 2621 42 33 of
2592 2617 98 41 Faw.

2317 2679 132 33 Minor.

3092 2279 58 47 By
3187 2278 115 34 Flats.
3362 2276 140 50 Major.

3062 2338 32 33 5.
3119 2335 87 35 Flat
3227 2335 72 43 key
3320 2333 43 36 of
3385 2335 35 34 D
3447 2335 18 34 b
3486 2334 106 34 .Faw.

3068 2393 32 34 6.
3126 2391 85 35 Flat
3233 2390 71 44 key
3328 2389 41 36 of
3393 2390 34 36 G
3452 2391 19 32 b
3498 2391 98 33 Faw.

3069 2449 32 35 7.
3126 2448 87 34 Flat
3234 2447 71 44 key
3329 2445 42 37 of
3394 2445 31 37 C
3449 2447 20 34 b
3495 2446 98 35 Faw.

2479 2563 239 50 seven-shape
2748 2573 44 25 or
2822 2563 120 35 round
2973 2565 104 36 notes
3108 2572 63 25 are
3203 2562 101 40 used,
3335 2558 62 41 the
3427 2561 71 47 key
3530 2564 85 32 note
3647 2562 73 34 will
3750 2564 44 33 be
3826 2563 59 34 Do

3104 2674 259 48 Four-shaped
3391 2674 162 39 Method.

2317 2748 30 32 1.
2373 2745 87 34 Flat
2481 2744 72 45 key
2576 2743 43 38 of
2641 2745 35 34 D
2701 2744 101 37 Law.

2313 2815 32 33 2.
2371 2814 87 34 Flat
2479 2813 71 45 key
2574 2812 42 37 of
2639 2813 34 35 G
2696 2812 102 38 Law.

2313 2883 32 32 3.
2371 2880 86 36 Flat
2480 2881 71 47 key
2574 2880 42 37 of
2639 2880 30 36 C
2690 2880 101 37 Law.

2316 3017 40 35 If
2382 3015 118 38 round
2526 3027 44 26 or
2595 3016 238 50 seven-shape
2858 3019 106 33 notes
2991 3024 63 30 are

2226 3083 91 38 used
2344 3096 39 24 as
2410 3086 38 33 in
2475 3085 62 36 the
2565 3079 188 48 four-note
2782 3088 146 41 system.

3089 2743 35 38 4.
3148 2743 88 35 Flat
3257 2742 72 47 key
3352 2741 43 39 of
3418 2743 31 37 F
3517 2743 100 36 Law.

3084 2812 37 38 5.
3143 2811 87 35 Flat
3251 2811 72 45 key
3347 2809 42 39 of
3412 2811 31 35 B
3470 2812 20 34 6
3515 2811 100 36 Law.

3080 2879 34 38 6.
3138 2879 88 36 Flat
3247 2879 72 44 key
3342 2878 42 38 of
3407 2878 32 37 E
3465 2879 21 34 b
3511 2879 99 35 Law.

3084 2948 33 37 7.
3142 2947 87 35 Flat
3250 2947 73 46 key
3345 2946 42 37 of
3409 2948 36 34 A
3470 2948 20 32 b
3515 2948 100 33 Law.

3079 3013 103 44 used,
3207 3017 61 33 the
3295 3020 100 35 same
3420 3014 71 46 key
3515 3018 87 31 note
3627 3013 89 37 Law
3741 3014 73 34 will
3841 3013 44 36 be
