4064 3464
434 402 76 61 46

525 535 84 43 Key
633 533 40 37 of
686 534 44 35 'A
753 531 139 37 Minor.

1871 387 302 55 DUBLIN.
2247 386 62 53 C.
2347 387 82 51 M.

1621 492 18 12 “
1652 492 94 26 What
1758 491 29 28 is
1799 499 86 25 man,
1900 490 73 29 that
1985 489 80 30 thou
2074 492 51 25 art
2137 487 141 29 mindful
2292 488 34 28 of
2338 487 70 28 him
2417 489 123 25 ?”—PS.
2553 488 16 26 8
2581 494 8 20 :
2605 487 27 27 4.

685 792 108 48 Lord,
807 794 103 36 what
926 793 31 36 is
975 803 98 32 man,
1087 800 99 37 poor,
1201 790 115 38 feeble
1331 791 96 35 man!

1516 788 95 37 Born
1630 789 37 35 of
1704 787 63 38 the
1785 787 100 36 earth
1904 790 38 33 at
2001 787 90 43 first;

2203 784 67 36 His
2287 782 59 39 life
2409 795 21 24 a
2470 783 183 41 shad-ow,
2669 781 94 46 light
2780 781 71 37 and
2868 780 101 47 vain,
3055 779 79 39 Still
3166 780 70 37 has
3255 799 11 6 -
3283 779 117 44 t’ning
3462 782 37 34 to

3590 778 62 37 the
3670 778 96 36 dust.

688 1314 109 47 Lord,
811 1317 102 36 what
930 1316 31 35 is
979 1325 98 33 man,
1092 1322 99 36 poor,
1205 1312 115 38 feeble
1336 1313 97 35 man!

1520 1310 96 37 Born
1634 1310 37 35 of
1710 1310 63 36 the
1790 1309 101 36 earth
1910 1311 38 34 at
2008 1308 90 43 first;

2210 1305 67 37 His
2294 1306 59 37 life
2415 1318 22 24 a
2475 1305 185 43 shad-ow,
2678 1302 93 45 light
2787 1302 73 37 and
2876 1302 100 46 vain,
3064 1301 80 38 Still
3176 1302 70 36 has
3260 1320 12 7 -
3284 1301 122 45 t’ning
3464 1305 37 34 to

3592 1301 63 37 the
3673 1301 96 36 dust.

531 1577 80 37 The
628 1576 116 40 above
760 1579 88 35 tune
865 1585 153 35 appears
1036 1585 46 25 on
1106 1582 93 36 page
1216 1582 42 34 27
1276 1574 36 35 of
1331 1572 23 16 “
1371 1571 171 39 Missouri
1562 1569 232 46 Harmony,”
1818 1572 101 42 1837;
1947 1580 92 34 page
2061 1578 36 34 13
2117 1568 37 35 of
2172 1566 23 17 “
2210 1564 182 41 Southern
2417 1564 232 45 Harmony,”
2669 1564 49 44 by
2735 1562 162 41 William
2917 1563 166 44 Walker,
3106 1562 95 45 1835,
3221 1562 72 35 and
3312 1572 112 34 many
3440 1562 38 35 of
3501 1562 63 36 the
3581 1561 58 37 old
3665 1561 117 36 books
3798 1560 39 37 of

442 1623 141 38 Holden
601 1622 72 39 and
691 1621 134 39 others.

1825 1701 375 56 HANOVER.
2273 1701 62 53 C.
2374 1703 82 48 M.

1470 1807 18 12 “
1498 1808 16 25 I
1526 1813 91 19 came
1630 1807 56 25 not
1698 1806 34 25 to
1744 1803 63 28 call
1820 1805 57 26 the
1889 1803 176 36 righteous,
2080 1803 58 26 but
2150 1800 129 30 sinners
2290 1804 35 25 to
2338 1801 377 35 repentance.”—Mark
2728 1800 16 25 2
2755 1808 7 18 :
2779 1799 44 29 17.

523 1850 116 41 John
662 1848 198 43 Newton,
887 1846 97 34 1790.
1035 1846 87 42 Key
1146 1843 46 34 of
1209 1844 33 32 A
1266 1841 138 35 Minor.
3076 1829 183 48 “Baptist
3283 1833 211 43 Harmony,
3514 1833 7 15 ’
3545 1842 99 34 page
3667 1832 78 35 247.

534 2118 191 47 i.JCome,
744 2118 149 38 humble
912 2118 135 42 sinner,
1066 2117 35 34 in
1119 2115 127 38 whose
1263 2114 122 38 breast
1404 2114 30 36 A
1451 2113 201 38 thou-sand
1669 2111 180 46 thoughts
1867 2109 175 46 re-volve,
2058 2109 133 45 Come,
2206 2109 89 38 with
2310 2119 91 34 your
2414 2110 77 34 fear
2508 2107 73 37 and
2597 2107 91 44 guilt
2704 2105 210 46 oppressed,
3006 2105 82 36 And
3108 2105 107 36 make

3479 2104 74 37 this
3571 2104 72 37 last
3659 2103 164 38 resolve:

529 2406 32 25 2.
592 2393 52 37 I’ll
662 2403 45 34 go
725 2395 37 35 to
783 2392 124 44 Jesus,
926 2390 141 44 though
1088 2400 62 33 my
1166 2389 56 35 sin
1241 2387 91 37 Like
1351 2387 209 37 mountains
1576 2385 117 37 round
1711 2396 56 25 me
1785 2385 109 44 close;
1914 2385 11 35 I
1945 2384 113 38 know
2070 2382 68 37 His
2150 2384 121 35 courts
2295 2382 51 35 I’ll
2365 2384 115 33 en-ter
2497 2381 50 44 in,

2976 2377 181 41 What-ev

3533 2387 37 26 er
3587 2387 86 34 may
3689 2387 147 35 oppose.

532 2681 68 37 See
624 2678 143 42 history
791 2677 38 37 of
854 2675 98 38 John
980 2675 170 42 Newton,
1169 2673 130 38 author
1324 2673 36 34 of
1384 2671 62 38 the
1471 2671 130 45 hymn,
1619 2671 113 35 under
1748 2672 87 34 tune
1854 2668 24 17 “
1894 2668 90 41 New
2003 2666 181 46 Britain,”
2211 2677 91 33 page
2326 2675 55 35 45.
2433 2665 92 35 This
2549 2667 89 33 tune
2655 2664 31 34 is
2711 2673 69 27 one
2797 2662 37 37 of
2858 2662 63 36 the
2938 2662 58 36 old
3023 2661 182 42 melodies,
3225 2661 72 35 and
3321 2662 69 35 has
3416 2662 89 35 been
3532 2662 35 35 in
3592 2663 63 35 the
3673 2660 24 17 “
3713 2661 132 39 Sacred

443 2725 143 45 Harp,”
606 2724 51 43 by
675 2722 128 40 White
820 2721 72 37 and
919 2720 110 43 King,
1046 2720 94 34 from
1161 2719 85 42 1844
1262 2720 37 34 to
1319 2716 104 45 1869;
1454 2715 22 16 “
1491 2714 182 38 Southern
1700 2712 232 47 Harmony,”
1951 2712 51 46 by
2019 2711 162 40 William
2201 2711 167 43 Walker,
2390 2712 104 41 1835;
2564 2707 171 38 Missouri
2764 2704 230 49 Harmony,”
3018 2708 97 41 1837,
3134 2716 41 25 as
3192 2705 82 35 well
3299 2715 41 26 as
3363 2717 113 33 many
3492 2706 103 37 other
3610 2706 40 36 of
3671 2706 64 37 the
3753 2716 93 35 song

443 2772 118 37 books
580 2766 211 46 antedating
809 2766 82 38 that
906 2765 98 36 time.
