4019 3416
375 368 78 51 74
1654 331 152 59 THE
1844 326 402 69 ENQUIRER.
2317 327 63 51 C.
2419 325 85 50 M.

1185 420 17 13 “
1213 416 171 36 Whereby,
1399 413 97 31 when
1509 421 40 28 ye
1561 411 86 37 read,
1661 419 41 28 ye
1714 418 76 28 may
1802 406 201 33 understand
2015 413 56 28 my
2083 404 196 35 knowledge
2290 403 36 27 in
2338 403 57 27 the
2407 403 146 32 mystery
2566 399 34 30 of
2613 397 265 32 Christ.”—Eph.
2893 399 31 26 3:
2944 398 25 26 4.

464 478 117 35 ISAAC
603 475 161 41 Watts,
791 471 100 36 1709.
939 469 88 45 Key
1050 466 45 40 of
1113 466 36 35 Q
1171 463 140 37 Minor.
2117 450 189 42 Psalmist,
2330 449 121 43 hymn
2474 448 78 35 553.
2600 446 38 32 B.
2668 446 41 33 F.
2737 445 162 41 White,
2920 443 96 34 1844.
3065 439 92 35 Alto
3173 439 51 47 by
3240 440 38 37 S.
3301 441 51 33 M.
3373 439 187 41 Denson,
3580 438 98 33 1911.

614 737 21 44 J
652 734 24 35 ^’
682 744 33 25 m
716 778 6 6 .
732 745 45 24 no
779 736 19 48 t
808 743 41 25 as
844 732 31 60 J?
879 742 44 24 an
923 742 12 40 ?
939 742 18 24 e
960 730 22 35 ^
1052 733 82 38 own
1155 738 61 33 my
1234 724 107 46 Lord,
1357 723 57 37 Or
1430 725 37 36 to
1489 719 131 43 defend
1637 718 67 40 His
1718 728 122 35 cause,
1855 721 13 32 1
1888 728 33 24 2.
1951 713 123 45 Jesus,
2095 723 63 33 my
2175 711 99 45 God,
2296 711 11 35 I
2325 710 114 37 know
2457 709 67 35 His
2543 714 117 40 name;
2968 703 74 37 Nor
3058 702 72 36 will
3150 700 54 38 He
3221 700 66 47 put
3304 711 62 33 my
3383 699 79 36 soul
3479 701 37 35 to
3535 698 142 42 shame,
3699 696 74 38 Nor

621 780 15 37 I
651 777 175 39 Maintain
844 777 62 36 the
924 773 114 38 honor
1053 773 38 39 of
1110 771 66 38 His
1191 770 112 45 word,
1313 769 79 35 The
1410 766 104 48 glory
1530 768 37 36 of
1587 764 66 38 His
1671 774 113 28 cross.
1856 767 14 36 J
2558 748 67 43 His
2643 761 106 26 name
2767 750 30 35 is
2815 749 50 36 all
2884 759 63 33 my
2960 749 110 42 trust,

579 1258 14 36 f
609 1254 95 38 Firm
718 1266 42 23 as
773 1255 64 34 His
848 1252 129 37 throne
992 1249 66 40 His
1070 1248 157 45 promise
1242 1247 129 36 stands
1385 1244 82 37 And
1481 1243 54 36 He
1546 1253 66 26 can
1625 1240 80 38 well
1724 1249 122 27 secure
1860 1241 14 31 1
1940 1235 105 37 Then
2062 1234 73 36 will
2154 1233 56 36 He
2227 1243 83 25 own
2329 1242 63 33 my
2401 1227 196 39 worthless
2617 1239 105 25 name
3045 1224 83 35 And
3144 1223 36 35 in
3196 1222 65 39 the
3280 1232 81 26 new
3380 1220 247 36 Je-ru-sa-lem
3660 1218 55 44 Ap

581 1307 14 34 I
608 1299 117 40 What
742 1299 72 35 I’ve
831 1295 207 39 committed
1051 1294 37 38 to
1104 1293 67 37 His
1185 1291 120 37 hands
1319 1290 67 35 Till
1404 1289 62 37 the
1484 1284 186 42 de-ci-sive
1688 1285 104 36 hour.
1860 1289 13 34 J
1892 1270 22 32 4
1918 1286 6 6 ’
2566 1272 127 38 Before
2712 1271 67 37 His
2799 1269 167 38 Father’s
2984 1270 91 42 face,

479 1542 91 38 This
588 1543 31 36 is
637 1551 68 27 one
722 1541 38 35 of
783 1540 60 36 the
861 1537 149 45 original
1026 1532 109 46 tunes
1153 1536 37 34 of
1216 1533 118 45 Major
1352 1532 41 36 B.
1415 1529 40 38 F.
1480 1528 137 43 White,
1636 1525 194 46 composed
1846 1526 56 33 for
1918 1524 63 36 the
1998 1521 100 45 early
2115 1520 153 36 editions
2287 1519 37 34 of
2342 1517 24 17 “
2381 1517 131 36 Sacred
2532 1514 140 45 Harp.”
2722 1511 68 39 See
2807 1512 143 42 history
2966 1509 37 36 of
3022 1509 119 43 Major
3160 1505 126 45 White
3304 1506 114 37 under
3433 1508 89 35 tune
3579 1497 203 51 Baptismal

388 1586 205 42 Anthem.”
641 1585 80 38 The
736 1584 119 37 words
872 1583 37 36 of
925 1582 74 37 this
1016 1573 117 53 hymn
1150 1589 94 27 were
1260 1576 194 43 composed
1471 1574 51 44 by
1539 1572 96 38 Issac
1655 1571 137 39 Watts.
1843 1569 67 36 See
1928 1567 172 37 sketches
2117 1576 46 24 on
2181 1564 103 36 other
2301 1573 112 33 pages
2431 1562 37 34 of
2484 1562 75 36 this
2577 1559 109 36 book.

1698 1658 180 52 KING
1916 1654 95 53 OF
2051 1652 260 52 PEACE.
2385 1665 87 48 7s.

1381 1743 19 13 “
1409 1744 51 26 No
1470 1740 84 35 good
1566 1738 98 36 thing
1675 1738 71 27 will
1758 1738 43 27 he
1813 1734 162 30 withhold
1987 1732 86 28 from
2085 1732 92 26 them
2189 1730 73 27 that
2274 1730 89 26 walk
2375 1727 292 37 uprightly.”—Ps.
2681 1725 33 28 74
2728 1735 6 19 :
2752 1725 42 28 11.

476 1803 124 34 Isaac
621 1800 161 40 Watts,
809 1797 97 35 1709.
953 1795 85 43 Key
1062 1792 42 36 of
1126 1794 34 32 A
1182 1789 137 37 Minor.
2111 1779 21 17 “
2150 1776 145 44 Baptist
2317 1774 238 44 Harmony,”
2577 1782 100 35 page
2699 1772 78 33 329.
2825 1769 43 35 F.
2895 1771 139 34 Price.
3085 1767 89 35 Alto
3188 1766 53 46 by
3256 1766 39 35 S.
3313 1766 54 35 M.
3387 1766 188 40 Denson,
3597 1765 97 33 1911.

570 2061 48 35 let
687 2069 62 34 my
764 2058 95 43 hope
876 2056 44 37 be
937 2055 81 37 lost.

1150 2063 28 25 i.
1208 2051 108 45 Lord,
1410 2050 12 35 I
1439 2051 134 35 cannot
1611 2046 49 38 let
1677 2045 100 37 Thee
1795 2054 60 35 go,
1876 2042 67 36 Till
1976 2053 22 24 a
2014 2039 178 43 bless-ing
2209 2036 106 36 Thou
2334 2036 167 36 be-stow:
2519 2034 58 37 Do
2597 2035 63 34 not
2675 2036 84 34 turn
2778 2043 123 31 a-way
2914 2029 84 45 Thy
3010 2027 195 46 face,Mine
3224 2038 17 25 s
3255 2038 47 25 an
3317 2028 145 42 urgent,
3480 2026 168 44 pressing
3667 2035 95 26 case.

1149 2325 31 24 2.
1210 2312 97 38 Dost
1319 2311 106 37 Thou
1439 2310 70 36 ask
1521 2320 57 24 me
1590 2308 85 36 who
1692 2307 12 35 I
1716 2308 74 35 am?
1803 2305 70 36 Ah!
1889 2316 62 32 my
1964 2302 220 45 Lord,Thou
2198 2299 165 37 know’st
2376 2308 62 33 my
2452 2307 118 26 name:
2585 2293 70 38 Yet
2671 2295 62 35 the
2750 2292 166 46 question
2935 2291 105 45 gives
3054 2301 22 24 a
3089 2288 79 45 plea
3183 2287 53 37 To
3249 2289 150 43 support
3411 2297 62 33 my
3484 2284 75 38 suit
3571 2285 90 37 with
3676 2284 113 38 Thee.

574 2583 101 44 point
696 2592 63 33 my
776 2580 79 35 soul
873 2590 22 25 a
911 2576 112 45 place.

1156 2585 28 33 3.
1214 2572 107 37 Thou
1340 2572 97 37 didst
1454 2580 87 26 once
1558 2581 22 24 a
1596 2568 134 37 wretch
1750 2565 184 45 behold,In
1953 2564 169 37 rebellion
2140 2561 154 45 blind-ly
2310 2559 96 44 bold,
2419 2557 112 37 Scorn
2551 2554 86 48 Thy
2653 2552 209 48 grace,Thy
2872 2550 116 48 pow’r
2999 2552 97 42 defy;
3119 2548 98 39 That
3234 2559 86 33 poor
3336 2547 123 43 reb-el,
3480 2545 108 46 Lord,
3602 2557 79 25 was
3700 2545 20 36 I.

490 2827 91 36 This
599 2826 30 35 is
647 2835 67 26 one
731 2824 37 34 of
783 2823 63 36 the
864 2820 58 39 old
941 2816 185 48 melodies,
1144 2816 142 45 printed
1304 2815 35 35 in
1358 2814 46 37 all
1421 2814 37 36 of
1475 2814 62 36 the
1563 2812 58 35 old
1640 2820 92 33 song
1759 2808 130 38 books.
1941 2806 68 38 See
2066 2803 182 38 Southern
2276 2802 201 43 Harmony,
2526 2800 50 44 by
2594 2795 167 44 Walker,
2784 2798 96 41 1835,
2898 2806 23 32 p
2947 2804 22 33 g
3155 2836 44 36 ed
3215 2835 111 37 about
3345 2836 40 33 lg

402 2871 174 38 reference
592 2873 37 34 to
651 2869 38 36 F.
711 2868 108 35 Price.
870 2864 79 38 The
966 2866 88 35 tune
1071 2873 42 27 as
1128 2862 27 35 it
1171 2870 166 34 appears,
1359 2861 127 41 except
1503 2868 41 26 as
1560 2860 38 33 to
1616 2856 64 37 the
1698 2854 86 44 alto,
1803 2853 31 36 is
1853 2853 36 35 in
1947 2851 183 37 Southern
2150 2849 199 42 Harmony.
2432 2844 29 37 It
2478 2855 30 24 is
2529 2835 183 58 supposed
2729 2844 37 33 to
2783 2841 75 34 hav
2898 2839 209 42 bp
3388 2845 16 32 3
3431 2860 8 9 •

491 2916 99 38 Isaac
609 2914 128 40 Watts
754 2913 31 35 is
801 2922 69 26 one
887 2910 38 37 of
940 2909 64 37 the
1022 2909 103 44 great
1139 2907 118 44 hymn
1274 2904 142 38 writers
1434 2904 38 35 of
1487 2902 64 37 the
1567 2900 126 37 world.
