3988 3425
442 371 74 63 So
1651 365 377 61 SHOUTING
2066 366 214 53 SONG.
2354 379 68 53 7s
2458 367 52 52 &
2548 361 88 58 8s.

993 445 18 21 11
1022 450 58 33 Let
1093 447 91 33 them
1197 447 108 37 praise
1317 448 56 28 the
1387 456 96 20 name
1495 447 36 30 of
1544 448 56 27 the
1613 447 84 31 Lord
1711 457 6 18 :
1734 447 52 27 for
1797 446 53 27 his
1863 454 95 20 name
1970 446 96 28 alone
2078 446 28 26 is
2119 446 89 27 excel
2211 439 31 25 le
2244 449 55 24 nt:
2316 446 52 26 his
2381 442 93 41 glory
2486 444 28 28 is
2526 443 101 29 above
2639 440 57 35 the
2710 445 92 27 earth
2814 442 65 28 and
2891 443 126 29 heaven
3033 445 18 15 ”
3088 446 42 27 Ps
3154 444 49 28 148
3216 454 6 7 •
3240 438 34 35 13

529 493 85 41 Key
638 488 42 38 of
704 482 54 59 Ffl
781 487 142 34 Minor.
3021 465 7 6 ‘
3277 466 6 6 ‘
3314 483 27 30 B
3349 506 7 8 .
3381 480 42 34 F.
3450 479 163 43 White,
3642 479 98 35 1844.

631 781 13 20 T
682 751 13 35 f
711 748 42 37 Je
779 769 13 5 -
809 759 78 32 sus,
906 750 107 41 grant
1029 757 44 24 us
1105 746 46 36 all
1191 757 21 24 a
1230 745 191 43 bless-ing,
1442 740 213 50 Shout-ing,
1674 743 179 43 sing-ing,
1873 741 89 38 send
1980 742 27 36 it
2024 742 118 42 down;
2159 745 14 30 1
2194 763 23 16 e
2222 765 90 26 hnilt
2344 761 37 29 n
2522 763 9 9 .
2572 762 7 8 .
2611 772 22 13 „
2677 762 6 5 .

681 795 16 39 I
711 793 105 44 Lord,
836 805 21 22 a
873 812 13 5 -
904 792 93 35 bove
1016 802 85 33 may
1118 801 54 26 we
1190 800 44 34 go
1282 800 90 33 pray
1384 808 11 6 -
1407 790 75 42 ing,
1502 789 81 35 And
1602 799 35 24 re
1652 806 11 6 -
1677 788 68 42 joic
1758 806 12 5 -
1782 788 62 43 ing
1862 787 35 34 in
1936 786 85 44 Thy
2050 787 92 35 love.
2160 792 13 35 j
2194 774 118 25 2>nouI
2316 790 8 17 ’
2344 773 37 26 u
2400 770 58 37 gl0
2462 781 11 6 ‘
2476 773 15 24 r
2493 774 25 32 y
2522 768 8 30 J
2550 771 82 35 slng
2650 758 131 55 glo-ry,
2800 762 257 45 hal-le-lu-jah!
3079 761 64 37 I’m
3162 772 111 34 going
3290 763 121 35 where
3428 764 164 42 pleasure
3610 772 109 26 never
3736 763 90 36 dies.

627 1303 20 24 2
682 1273 13 32 f
710 1270 42 35 Je
777 1288 13 5 -
806 1279 79 32 sus,
903 1278 63 32 par
980 1285 11 7 -
1003 1267 70 34 don
1093 1267 45 35 all
1174 1276 64 26 our

683 1318 13 36 I
711 1314 108 36 Make
837 1324 43 24 us
898 1312 176 44 hum-ble,
1094 1310 107 38 make
1220 1322 42 24 us

1298 1265 50 36 fol
1363 1283 12 6 -
1389 1265 78 43 lies,
1486 1261 105 40 Since
1607 1263 198 43 to-geth-er
1842 1274 56 27 we
1915 1263 96 36 have
2034 1262 103 43 been,
2154 1266 67 39 Iq.
2290 1286 8 8 .
2336 1283 38 26 n
2979 1284 7 7 .
3207 1284 6 7 .

1310 1311 47 34 ho
1375 1329 15 6 -
1408 1310 49 42 ly,
1477 1306 162 39 Cleanse
1657 1318 43 25 us
1718 1308 45 35 all
1780 1308 93 34 from
1891 1307 120 43 ev-’ry
2067 1308 68 34 sin.
2154 1303 16 44 /
2186 1292 119 28 bnout
2310 1311 8 15 ’
2336 1292 38 27 u
2392 1288 131 42 glo-ry!
2542 1292 82 34 sing
2642 1281 132 50 glo-ry,
2793 1283 259 45 hal-le-lu-jah!
3074 1283 64 36 I’m
3157 1293 110 35 going
3284 1284 121 36 where
3423 1283 164 44 pleasure
3606 1294 110 25 never
3734 1284 88 35 dies.

532 1575 78 36 The
627 1574 119 38 words
764 1574 35 34 in
816 1573 75 36 this
910 1583 94 32 song
1027 1582 59 24 are
1103 1570 112 36 taken
1240 1570 92 35 from
1353 1569 22 15 “
1391 1569 88 36 Zion
1506 1566 218 46 Songster,”
1744 1579 91 32 page
1862 1568 77 42 268,
1958 1567 192 42 published
2176 1568 33 33 in
2241 1569 94 41 1832.
2387 1564 79 40 The
2484 1577 105 25 name
2606 1567 37 35 of
2667 1565 62 38 the
2747 1566 129 36 author
2892 1567 31 34 is
2942 1568 62 35 not
3024 1567 122 43 given.
3199 1566 122 39 While
3338 1567 62 37 the
3418 1566 134 37 outline
3570 1567 36 35 of
3630 1567 62 36 the
3710 1566 117 36 above

440 1631 153 34 appears
610 1620 35 35 in
664 1629 100 26 some
781 1619 37 34 of
834 1618 63 35 the
914 1616 118 36 books
1050 1617 38 34 of
1110 1615 62 36 the
1190 1615 98 43 early
1305 1617 80 41 part
1401 1614 36 35 of
1454 1613 62 37 the
1534 1613 209 35 nineteenth
1761 1617 163 38 century,
1946 1613 26 34 it
1989 1623 78 24 was
2085 1622 40 25 so
2143 1612 201 35 remodeled
2366 1622 41 25 as
2424 1614 37 33 to
2481 1611 106 36 make
2606 1611 26 36 it
2649 1611 206 46 practically
2871 1622 21 24 a
2911 1621 81 25 new
3008 1613 101 41 tune,
3128 1611 46 43 by
3196 1610 118 45 Major
3334 1611 140 43 White,
3493 1611 112 36 about
3626 1613 94 40 1844.
3772 1611 55 36 He

440 1665 116 37 added
571 1665 64 35 the
651 1662 146 38 chorus.
848 1662 29 36 It
894 1659 191 46 originally
1101 1659 72 37 had
1189 1659 75 36 this
1281 1659 145 43 chorus,
1446 1657 24 16 “
1487 1656 186 46 Farewell,
1692 1657 182 43 brethren,
1892 1656 172 43 farewell,
2084 1656 140 42 sisters,
2243 1656 51 35 till
2312 1666 56 25 we
2385 1656 45 36 all
2448 1655 92 36 shall
2560 1657 93 35 meet
2668 1654 152 46 again.”

1686 1733 316 56 SERVICE
2041 1733 94 50 OF
2172 1733 149 51 THE
2363 1731 217 58 LORD.

530 1823 85 40 Key
640 1820 46 34 of
704 1819 31 33 F
758 1816 137 45 Major.
1601 1811 168 35 “Singing
1780 1812 81 27 with
1873 1818 95 27 grace
1979 1810 36 27 in
2027 1818 82 27 your
2120 1811 96 26 heart
2227 1813 35 24 to
2274 1812 57 25 the
2343 1809 231 32 Lord.”—Col.
2588 1812 16 24 3
2617 1819 6 18 :
2641 1809 42 29 16.
3353 1811 33 37 F
3427 1814 29 33 T.
3485 1813 126 38 KING,
3639 1811 88 34 1844

2164 1855 194 28 CHORUS.

633 2082 12 33 f
662 2078 186 44 Farewell,
867 2078 86 35 vain
972 2077 125 43 world,
1119 2076 62 35 I’m
1201 2075 124 43 go-ing
1343 2075 121 43 home;

625 2114 23 50 1
662 2124 66 43 My
746 2123 155 37 Saviour
920 2122 124 36 smiles
1062 2121 72 36 and
1152 2121 79 35 bids
1249 2131 56 24 me
1323 2130 99 25 come

1485 2074 10 35 1
1513 2084 58 24 am
1590 2073 122 35 bound
1728 2075 38 33 to
1784 2073 55 35 die
1857 2073 35 35 in
1910 2073 62 36 the
1990 2082 131 35 ar-my;
2143 2072 10 36 )

1487 2119 11 34 I
1516 2129 58 24 am
1593 2118 121 36 bound
1731 2121 36 33 to
1786 2119 55 34 die
1859 2119 36 33 in
1912 2118 63 35 the
1993 2128 129 33 ar-my.
2144 2123 9 37 )

2264 2093 11 36 I
2296 2105 58 24 am
2373 2092 121 39 bound
2510 2097 37 33 to
2566 2094 70 35 live
2655 2094 34 35 in
2706 2094 63 36 the
2787 2095 137 34 service
2942 2094 37 36 of
2996 2105 63 30 my
3077 2094 106 43 Lord,
3198 2094 11 35 I
3228 2105 58 24 am
3305 2094 122 36 bound
3444 2097 38 33 to
3500 2094 55 35 die
3574 2094 35 35 in
3627 2094 63 36 the
3708 2105 115 32 army.

634 2602 13 32 f
662 2600 120 40 Sweet
800 2598 144 45 an-gels
962 2596 157 37 beck-on
1139 2607 55 24 me
1226 2607 21 24 a
1265 2614 11 7 -
1301 2606 97 33 way,

625 2633 23 51 1
662 2645 53 37 To
734 2646 83 42 sing
835 2642 121 37 God’s
973 2643 117 43 praise
1106 2642 36 34 in
1160 2640 159 40 end-less
1337 2641 86 44 day,

1493 2593 10 37 I
1523 2604 57 24 am
1599 2593 121 36 bound
1737 2595 36 33 to
1792 2593 55 35 die
1865 2593 35 35 in
1918 2593 62 35 the
1997 2603 128 35 army;
2142 2597 14 34 "I

1489 2638 11 36 I
1518 2649 59 24 am
1596 2637 122 37 bound
1735 2643 37 30 to
1790 2639 55 34 die
1863 2639 35 34 in
1916 2638 63 36 the
1996 2649 129 34 ar-my.
2143 2645 13 37 J

2267 2615 12 36 I
2297 2627 58 24 am
2374 2615 122 37 bound
2512 2617 37 35 to
2567 2614 71 39 live
2656 2615 37 35 in
2709 2615 64 39 the
2791 2615 136 36 service
2944 2615 38 36 of
2999 2626 63 33 my
3079 2615 107 44 Lord,
3203 2616 11 34 I
3229 2627 57 24 am
3306 2616 122 35 bound
3444 2618 38 35 to
3500 2616 55 36 die
3573 2615 35 36 in
3626 2617 62 36 the
3706 2626 115 34 army.

533 2910 30 37 It
579 2910 31 36 is
629 2903 181 50 supposed
834 2906 81 37 that
941 2904 94 37 Prof.
1057 2903 41 36 E.
1121 2903 34 36 J.
1177 2902 97 44 King
1291 2902 192 44 composed
1507 2899 74 38 this
1601 2902 89 33 tune
1706 2903 38 32 at
1761 2899 64 37 the
1843 2910 100 25 same
1958 2898 87 40 time
2061 2899 82 37 that
2169 2899 118 43 Major
2303 2899 128 39 White
2448 2896 192 47 composed
2659 2897 219 45 “Shouting
2903 2897 143 46 Song,”
3066 2898 72 36 and
3162 2898 91 44 they
3269 2910 59 27 are
3346 2898 169 39 intended
3539 2901 38 34 to
3596 2899 118 38 match
3742 2899 87 36 each

442 2956 113 40 other.
607 2951 79 42 The
703 2955 108 34 tunes
828 2961 58 27 are
904 2948 148 46 similar,
1070 2948 72 36 and
1159 2948 96 37 have
1273 2947 91 37 been
1381 2944 140 47 printed
1540 2946 35 35 in
1595 2943 22 17 “
1632 2943 131 38 Sacred
1790 2945 98 44 Harp
1903 2946 22 16 ”
1945 2944 35 35 in
1997 2945 62 37 the
2077 2944 167 37 different
2261 2943 193 39 revisions.
2508 2942 69 40 We
2595 2954 59 25 are
2672 2943 130 37 unable
2820 2947 36 33 to
2874 2944 75 35 find
2966 2944 62 38 the
3046 2943 166 37 author’s
3231 2954 105 28 name
3354 2945 37 34 of
3407 2944 62 37 the
3487 2943 129 46 hymn,
