4007 3481
1332 399 428 67 MINISTER’S
1797 404 440 68 FAREWELL.
2309 412 64 54 C.
2411 414 65 53 M

3538 424 76 64 69

308 527 60 32 Ke
368 537 27 33 y
415 525 43 39 of
482 528 35 34 G
541 527 136 48 Major.

1540 539 21 14 “
1569 540 28 27 A
1607 537 110 32 friend
1727 539 111 30 loveth
1850 545 34 25 at
1895 542 47 29 all
1954 541 271 34 times.”—Prov.
2239 547 33 28 17
2284 557 7 19 :
2309 546 42 32 17.

247 1206 28 28 i.
313 1175 22 71 {
351 1173 34 60 P
389 1182 59 32 ear
458 1176 16 36 f
476 1177 98 37 riend
577 1189 32 32 s,
621 1175 174 43 farewell!
811 1181 12 34 I
835 1181 44 37 do
891 1192 72 34 you
974 1182 75 46 tell,
1062 1182 105 40 Since
1178 1196 73 33 you
1263 1186 71 36 and
1347 1187 11 35 I
1372 1189 99 35 must
1481 1191 90 42 part;
1588 1192 14 33 "I
1625 1188 98 39 Your
1738 1190 82 39 love
1837 1194 37 35 to
1893 1203 55 28 me
1966 1194 68 37 has
2053 1195 89 37 been
2162 1200 95 36 most
2274 1197 87 47 free,
2613 1202 93 37 How
2723 1212 65 27 can
2811 1202 10 36 I
2840 1202 85 42 bear
2945 1206 38 35 to
2999 1204 171 48 jour-ney
3186 1207 123 38 where

321 1229 14 27 1
351 1229 10 24 1
379 1227 48 37 go
443 1229 109 39 away
568 1222 72 37 and
653 1222 84 39 here
754 1234 73 34 you
845 1228 96 43 stay,
963 1226 75 39 But
1052 1229 73 36 still
1138 1227 110 39 w’ere
1263 1231 123 44 joined
1403 1232 36 35 in
1457 1232 114 38 heart.
1587 1238 17 36 J
2203 1239 99 40 Your
2318 1244 254 40 conversation
2589 1248 126 44 sweet;
3105 1249 104 41 With
3226 1261 75 37 you
3319 1253 11 35 I
3347 1255 137 37 cannot
3498 1254 108 39 meet!

209 1943 20 27 2
255 1931 70 42 Yet
342 1934 44 36 do
406 1934 12 37 I
435 1935 75 39 find
529 1946 63 36 my
608 1938 104 38 heart
729 1939 153 39 inclined

255 1997 53 40 To
326 2000 44 36 do
389 2010 64 38 my
469 2004 104 36 work
590 2003 135 48 below;

211 2063 122 47 When
352 2064 133 43 Christ
501 2069 86 38 doth
608 2071 65 36 call
694 2072 12 35 I
722 2075 96 36 trust
836 2074 11 35 I
866 2075 93 36 shall

253 2132 51 39 Be
322 2136 111 45 ready
449 2137 87 36 then
554 2139 37 36 to
608 2150 60 33 go.

211 2200 11 35 I
239 2200 102 40 leave
358 2214 73 33 you
450 2204 59 44 all,
528 2204 87 39 both
635 2210 102 42 great
749 2209 72 35 and
839 2209 122 46 small,

251 2267 38 38 In
307 2266 168 44 Christ’s
493 2271 191 49 encircling
702 2286 109 27 arms.

208 2332 99 45 Who
319 2347 67 26 can
404 2348 72 35 you
491 2349 90 28 save
597 2340 93 37 from
704 2342 62 38 the
780 2342 78 38 cold
875 2354 115 35 grave

250 2399 82 42 And
350 2403 116 40 shield
483 2417 73 34 you
574 2408 93 37 from
685 2408 46 38 all
749 2409 136 39 harms.

1081 1956 15 33 3
1113 1946 11 34 I
1137 1946 95 38 trust
1243 1947 112 46 you’ll
1367 1959 103 36 pray,
1486 1951 86 38 both
1586 1952 106 46 night
1705 1955 72 36 and
1791 1955 85 47 day,

1124 2011 83 39 And
1223 2013 93 46 keep
1333 2025 93 35 your
1441 2019 187 45 garments
1644 2019 127 48 white,

1080 2078 68 38 For
1164 2090 73 35 you
1254 2081 72 38 and
1344 2093 69 35 me,
1431 2084 82 38 that
1529 2097 56 25 we
1604 2096 85 36 may
1707 2087 43 37 be

1125 2144 78 39 The
1220 2147 159 40 children
1394 2151 37 36 of
1447 2152 63 36 the
1527 2152 104 47 light.

1081 2212 30 36 If
1127 2223 72 36 you
1218 2215 55 36 die
1290 2216 91 45 first,
1402 2228 95 27 anon
1516 2230 72 35 you
1607 2222 112 44 must,

1126 2278 78 39 The
1221 2281 72 38 will
1311 2284 38 36 of
1366 2283 86 39 God
1470 2285 42 37 be
1530 2286 92 37 done
1636 2302 8 23 :

1081 2347 11 35 I
1110 2346 93 48 hope
1220 2348 62 38 the
1301 2348 93 39 Lord
1411 2352 72 37 will
1497 2364 73 35 you
1588 2354 138 39 reward

1127 2413 102 42 With
1249 2427 45 27 an
1314 2416 178 42 immortal
1509 2431 133 31 crown.

1947 1968 21 32 4
1995 1958 28 36 If
2041 1959 65 37 I’m
2124 1957 115 42 called
2253 1961 107 38 home
2377 1963 125 40 whilst
2521 1965 11 36 I
2550 1977 59 25 am
2626 1976 93 34 gone

1994 2024 148 48 Indulge
2159 2038 46 26 no
2221 2031 97 34 tears
2334 2029 57 39 for
2407 2041 77 35 me;

1950 2092 12 35 I
1979 2092 93 45 hope
2088 2097 37 33 to
2143 2094 83 46 sing
2243 2097 72 35 and
2332 2096 118 46 praise
2469 2109 62 34 my
2550 2099 94 45 King

1993 2158 54 38 To
2064 2159 46 39 all
2126 2162 168 47 eternity;

1949 2225 159 42 Millions
2126 2229 37 36 of
2179 2240 106 35 years
2304 2241 86 29 over
2406 2233 63 36 the
2488 2233 149 46 spheres

1993 2289 100 41 Shall
2111 2304 86 34 pass
2216 2294 35 36 in
2270 2297 115 38 sweet
2401 2307 138 36 repose,

1951 2356 122 44 While
2091 2359 136 47 beauty
2243 2361 124 46 bright
2383 2367 89 34 unto
2490 2376 63 33 my
2569 2366 102 44 sight

1993 2425 85 47 Thy
2095 2428 123 36 sacred
2236 2431 133 36 sweets
2387 2431 164 39 disclose.

2806 1974 17 37 5
2853 1967 11 36 I
2882 1967 85 47 long
2983 1969 38 37 to
3039 1969 219 48 ago,—then
3275 1970 172 49 farewell,
3466 1984 92 34 woe,

2850 2032 67 48 My
2933 2035 80 38 soul
3029 2036 74 37 will
3121 2035 43 39 be
3181 2041 39 33 at
3236 2039 93 45 rest;

2807 2099 54 40 No
2880 2111 96 28 more
2994 2103 95 37 shall
3110 2104 10 35 I
3138 2104 177 47 complain
3334 2118 65 25 nor
3416 2108 98 46 sigh,

2849 2167 73 40 But
2937 2170 98 37 taste
3051 2171 63 36 the
3130 2169 185 51 heavenly
3328 2173 109 39 feast.

2804 2233 38 39 O
2862 2246 85 35 may
2963 2247 56 26 we
3037 2241 94 33 meet
3147 2240 72 36 and
3238 2240 42 36 be
3298 2240 189 48 complete,

2850 2301 82 39 And
2947 2302 85 48 long
3048 2304 168 47 together
3232 2306 120 48 dwell,

2805 2367 82 39 And
2904 2380 106 27 serve
3026 2372 63 36 the
3107 2371 94 40 Lord
3218 2373 89 40 with
3326 2386 68 26 one
3411 2377 140 46 accord,

2851 2435 82 39 And
2950 2448 55 35 so,
3025 2439 84 36 dear
3124 2439 151 48 friends,
3293 2441 181 40 farewell!

290 2547 93 39 This
407 2551 89 37 tune
520 2562 79 28 was
627 2553 192 46 published
848 2555 35 37 in
909 2569 22 25 a
955 2559 152 38 number
1132 2560 37 37 of
1193 2571 94 36 song
1313 2562 117 39 books
1460 2565 49 45 by
1533 2566 168 42 different
1724 2569 152 42 authors
1902 2571 99 46 early
2025 2573 35 36 in
2085 2574 64 36 the
2174 2572 209 44 nineteenth
2413 2579 165 44 century,
2604 2579 72 37 and
2706 2581 35 35 in
2771 2581 45 35 all
2844 2582 63 38 the
2933 2583 142 39 revised
3104 2584 154 39 editions
3283 2587 37 36 of
3345 2588 63 36 the
3434 2586 24 18 “
3471 2589 133 39 Sacred

204 2611 140 51 Harp,”
370 2616 51 47 by
446 2618 132 40 White
606 2621 72 36 and
711 2620 110 48 King,
847 2623 98 38 since
976 2627 95 44 1844.
1124 2627 103 40 None
1251 2630 38 36 of
1316 2630 106 39 these
1449 2631 243 48 publications
1720 2635 86 46 give
1834 2649 75 34 any
1933 2636 233 43 information
2193 2640 115 40 about
2328 2643 65 38 the
2416 2644 133 38 author
2575 2645 39 36 of
2637 2647 65 37 the
2730 2649 114 38 music
2872 2659 39 26 or
2934 2650 133 39 words.
3120 2650 245 42 Publications
3392 2655 37 37 of
3457 2669 22 24 a
3508 2668 96 28 more

202 2682 118 40 recent
346 2684 82 39 date
452 2686 97 37 have
574 2686 165 49 changed
763 2690 63 38 the
850 2693 89 35 tune
964 2693 35 35 in
1018 2693 140 40 several
1186 2698 174 47 respects,
1377 2699 73 38 and
1474 2703 67 42 put
1562 2702 95 38 their
1673 2712 127 31 names
1824 2707 38 36 to
1888 2707 27 36 it
1938 2718 41 25 as
2004 2707 63 38 the
2092 2708 143 40 author.
2287 2708 79 42 The
2391 2711 152 47 original
2568 2713 131 39 author
2725 2714 30 38 is
2781 2715 203 41 unknown.
3035 2718 68 38 See
3122 2717 24 19 “
3161 2718 182 41 Southern
3369 2720 240 53 Harmony,”

201 2748 50 44 by
274 2749 162 46 William
461 2752 169 48 Walker,
654 2765 93 37 page
776 2767 53 35 14,
859 2760 95 45 1835.
