4049 3505
532 475 74 63 5^

611 613 111 40 John
747 608 201 41 Newton,
976 604 97 34 1779.
1124 601 86 45 Key
1234 600 45 37 of
1300 598 29 35 F
1354 596 135 47 Major.

1952 448 274 60 SALEM.
2298 448 62 51 C.
2400 445 82 54 M.

1655 558 100 34 “Thy
1767 563 96 20 name
1875 555 28 26 is
1915 561 35 21 as
1963 551 161 30 ointment
2136 549 124 36 poured
2272 545 269 35 forth.’’—Songs
2558 551 45 22 of
2620 546 75 27 Sol.
2709 544 27 27 1:
2753 544 25 25 3.

3207 569 214 44 “Dossey’s
3445 563 179 46 Choice,”
3647 574 97 34 page
3767 563 57 35 58.

796 912 27 26 i.
853 899 94 38 How
964 900 114 34 sweet
1093 895 62 38 the
1174 898 105 38 name
1296 893 37 37 of
1397 891 43 36 Je
1472 909 13 7 -
1510 899 64 27 sus
1593 886 138 38 sounds
1752 886 37 34 In
1823 896 21 24 a
1906 879 241 40 be-liev-er’s
2210 889 70 32 ear;

2349 877 28 37 It
2394 873 149 40 soothes
2560 874 59 35 his
2653 883 58 25 sor
2744 889 12 7 -
2796 879 108 35 rows,
2924 868 103 36 heals
3044 868 58 35 his
3120 864 168 45 wounds,
3309 862 82 37 And
3409 861 120 38 drives
3547 868 123 36 a-way
3686 858 59 35 his
3757 857 90 44 fear,

795 1240 33 26 2.
857 1229 30 36 It
949 1226 128 37 makes
1093 1224 63 37 the
1172 1220 195 44 wound-ed
1384 1219 73 44 spir
1489 1236 14 7 -
1535 1217 26 37 it
1577 1215 133 44 whole,
1731 1214 82 35 And
1829 1211 113 38 calms
1959 1211 62 35 the
2037 1207 165 38 troubled
2220 1206 135 42 breast;
2375 1202 79 38 ’Tis
2472 1212 149 28 man-na
2660 1204 37 33 to

2802 1199 63 38 the
2882 1197 167 46 hun-gry
3066 1194 93 44 soul,
3180 1194 82 35 And
3301 1194 37 35 to
3430 1187 237 46 thewea-ry
3721 1188 87 41 rest,

694 1923 81 36 And
793 1920 121 37 drives
962 1929 20 24 a
1000 1936 11 6 -
1024 1926 86 33 way
1173 1912 57 36 his
1277 1910 90 46 fear,

1568 1906 81 35 And
1666 1904 121 36 drives
1805 1914 21 23 a
1840 1921 13 6 -
1866 1913 84 32 way
1998 1899 57 36 his
2086 1898 90 42 fear,

2320 1895 29 36 It
2366 1892 149 39 soothes
2531 1892 59 36 his
2610 1902 59 25 sor

2776 1899 109 33 rows,
2903 1887 102 37 heals
3023 1887 57 34 his
3099 1883 168 44 wounds,
3288 1882 81 34 And
3387 1880 121 36 drives
3528 1889 126 33 a-way
3670 1877 59 36 his
3744 1876 89 35 fear.

698 2239 83 37 And
820 2239 37 34 to
934 2234 62 38 the
1014 2244 78 25 wea
1125 2250 11 7 -
1177 2241 41 34 ry
1266 2230 86 43 rest,
1567 2222 82 36 And
1680 2223 38 33 to
1779 2219 63 35 the
1866 2228 79 26 wea
1971 2235 12 5 -
2008 2226 42 33 ry
2097 2217 85 40 rest,

2292 2211 79 36 ’Tis
2390 2220 82 26 man
2499 2230 13 5 -
2537 2220 48 25 na
2646 2211 36 32 to

2789 2207 63 36 the
2870 2205 75 36 hun
2973 2222 12 5 -
3011 2214 66 32 gry
3095 2201 93 44 scul,
3209 2201 82 35 And
3330 2202 36 33 to
3472 2197 63 36 the
3553 2206 79 26 wea
3644 2215 14 5 -
3671 2204 37 31 ry
3740 2196 84 33 rest.

2317 2514 16 35 5
2364 2503 121 39 Weak
2503 2504 30 35 is
2547 2503 61 37 the
2627 2501 106 36 effort
2749 2500 37 35 of
2805 2509 60 33 my
2885 2498 116 42 heart,

2364 2549 81 35 And
2461 2548 79 36 cold
2559 2557 62 34 my
2637 2546 174 35 warmest
2825 2541 174 44 thought,

2320 2594 72 36 But
2408 2593 108 35 when
2537 2593 11 34 I
2566 2601 60 26 see
2646 2588 98 37 Thee
2762 2598 41 26 as
2823 2586 106 37 Thou
2947 2588 68 41 art,

2367 2638 50 36 I’ll
2435 2637 117 44 praise
2572 2634 99 37 Thee
2689 2645 41 25 as
2750 2633 12 35 I
2779 2632 128 45 ought.

3105 2495 22 35 6
3152 2493 67 37 Till
3236 2494 88 36 then
3345 2492 10 35 I
3374 2491 122 37 would
3511 2489 85 44 Thy
3613 2489 81 37 love
3711 2486 167 45 proclaim

3154 2539 103 37 With
3276 2548 112 31 every
3403 2535 147 44 fleeting
3568 2527 126 44 breath
3707 2544 9 32 ;

3110 2583 82 37 And
3211 2593 84 33 may
3312 2582 61 34 the
3393 2580 114 35 music
3524 2580 37 35 of
3579 2577 87 44 Thy
3684 2587 105 25 name

3155 2625 150 39 Refresh
3326 2637 62 32 my
3405 2624 78 36 soul
3502 2624 34 35 in
3555 2616 120 44 death.

547 2551 17 28 3
592 2538 99 35 Dear
704 2533 119 36 name!
842 2531 63 37 the
918 2528 101 38 Rock
1034 2538 46 24 on
1091 2524 121 38 which
1229 2524 11 34 I
1252 2520 113 45 build,
1435 2529 23 32 4
1483 2516 124 38 Jesus!
1628 2525 64 34 my
1705 2511 193 46 shepherd,
1914 2508 185 44 husband,
2113 2507 131 44 friend,

593 2581 65 44 My
675 2578 116 37 shield
809 2575 71 37 and
898 2572 127 45 hiding
1041 2570 118 44 place;
1485 2561 66 45 My
1565 2559 166 45 prophet,
1749 2558 125 43 priest,
1891 2556 72 36 and
1981 2554 110 43 king;

548 2626 67 43 My
632 2620 253 46 never-failing
903 2618 182 45 treasury,
1101 2613 96 38 filled
1440 2605 66 46 My
1522 2605 107 44 Lord,
1649 2614 62 34 my
1728 2602 74 42 life,
1823 2610 61 36 my
1901 2611 97 32 way,
2018 2608 62 33 my
2097 2597 83 42 end,

593 2671 105 38 With
716 2664 198 40 boundless
934 2663 117 36 stores
1069 2660 36 35 of
1124 2668 114 36 grace.
1484 2650 133 44 Accept
1633 2648 63 37 the
1714 2656 117 34 praise
1853 2644 11 35 I
1883 2644 116 44 bring.

549 2795 64 40 the

717 2837 25 17 ”
763 2834 57 39 No
855 2843 53 36 n,
925 2841 93 37 page
1037 2839 54 35 20,
1111 2828 50 45 by
1179 2788 122 76 Lewil
1319 2822 26 36 f
1381 2822 160 41 Benson,
1563 2818 46 36 D.
1627 2817 46 37 D.
1727 2816 28 37 It
1771 2814 130 39 stands
1919 2824 40 24 as
1979 2811 66 39 No.
2069 2821 40 28 11
2127 2811 34 34 in
2179 2808 62 38 the
2259 2809 114 48 hymn
2393 2806 116 36 books
2527 2803 192 48 published
2735 2802 38 37 in
2793 2800 174 39 America.
