4004 3406
1445 334 154 57 THE
1639 337 352 63 MORNING
2027 340 382 67 TRUMPET.

1182 433 18 16 “
1209 433 106 28 There
1327 436 86 26 shall
1426 436 41 27 be
1478 444 16 19 a
1510 437 216 30 resurrection
1738 440 36 27 of
1782 441 57 28 the
1851 440 91 34 dead,
1957 443 80 28 both
2049 444 36 27 of
2096 446 57 27 the
2161 446 71 34 just
2244 447 65 28 and
2321 448 244 37 unjust.—Acts
2583 454 31 25 24
2626 461 7 20 :
2650 453 42 29 15.

315 500 113 42 John
450 498 187 45 Leland,
652 499 99 36 1833.
798 500 87 44 Key
898 499 43 37 of
955 500 33 34 F
1001 501 125 47 Sharp
1141 501 139 36 Minor.

3546 368 74 64 85

3126 532 39 35 B.
3186 531 44 36 F.
3247 528 164 54 White,
3431 536 106 40 1847.

548 784 16 37 f
579 781 39 38 O
635 783 108 37 when
762 783 93 37 shall
875 783 10 35 I
905 793 60 29 see
984 785 124 44 Jesus,
1130 786 81 36 And
1229 788 99 43 reign
1342 789 89 35 with
1449 788 83 38 Him
1551 790 130 44 above,
1701 792 82 37 And
1801 793 94 37 shall
1912 796 86 36 hear
2015 797 62 36 the
2094 800 158 43 trumpet
2269 801 118 37 sound
2405 804 34 34 in
2458 803 82 38 that
2558 806 208 45 morning?1
2960 832 38 24 n
3132 837 7 18 1

551 833 15 34 I
580 829 82 34 And
673 829 92 36 from
778 829 63 36 the
854 825 151 51 flowing
1016 829 183 46 fountain,
1217 831 121 36 Drink
1351 832 221 47 everlasting
1586 836 96 42 love,
1698 837 83 37 And
1798 838 94 36 shall
1909 840 88 36 hear
2012 842 63 35 the
2092 844 159 43 trumpet
2267 846 119 36 sound
2403 849 36 34 in
2455 848 83 38 that
2556 852 183 45 morning?
2753 866 11 27 j
2810 840 118 30 3nouI
2931 856 290 20 >■
3261 840 54 44 ry!
3347 841 57 36 for
3431 841 13 35 I
3490 841 94 40 shall

541 1362 12 33 f
569 1360 122 37 When
710 1361 93 37 shall
824 1361 10 34 I
853 1361 43 36 be
910 1361 178 38 delivered
1108 1361 105 39 From
1231 1365 75 35 this
1320 1366 86 35 vain
1424 1365 112 38 world
1550 1368 37 35 of
1600 1369 70 42 sin,
1688 1369 81 37 And
1787 1371 93 38 shall
1899 1372 86 37 hear
2001 1375 63 36 the
2081 1378 158 43 trumpet
2255 1379 119 36 sound
2392 1382 34 33 in
2444 1381 82 38 that
2543 1384 181 45 morning?
2737 1391 13 28 1
2945 1410 38 25 n

541 1408 12 35 I
569 1405 81 36 And
660 1406 89 35 with
764 1416 62 33 my
840 1403 142 41 blessed
995 1407 124 45 Jesus,
1135 1408 120 37 Drink
1266 1410 145 35 endless
1422 1410 185 45 pleasures
1621 1413 49 43 in,
1687 1414 82 37 And
1787 1416 93 37 shall
1898 1417 86 36 hear
2001 1419 62 37 the
2080 1422 158 43 trumpet
2255 1423 117 37 sound
2390 1427 35 33 in
2442 1425 82 39 that
2542 1430 181 43 morning?
2737 1429 22 42 /
2793 1416 132 40 Snout,
2945 1420 38 27 u
3091 1419 58 39 gio
3190 1434 11 8 ■
3241 1417 54 43 ry!
3335 1417 95 37 fori
3477 1417 93 41 shall

339 1996 127 36 mount
483 1994 116 38 above
618 1995 63 36 the
698 1994 114 46 skies,
832 1995 124 39 When
978 1997 10 36 I
1007 1998 87 36 hear
1110 1996 62 39 the
1189 2000 158 44 trumpet
1365 2002 117 34 sound
1501 2001 35 36 in
1553 2003 82 36 that
1653 2002 177 48 morning.

331 2472 129 35 mount
475 2470 118 37 above
608 2472 64 36 the
688 2470 259 48 skies,ZWhen
968 2474 11 35 I
997 2474 88 36 hear
1100 2473 64 38 the
1179 2477 161 42 trumpet
1356 2478 120 36 sound
1492 2478 36 35 in
1544 2479 83 37 that
1644 2476 179 51 morning.

1972 1850 20 24 2
2018 1839 72 37 But
2108 1852 83 26 now
2210 1843 10 34 I
2239 1853 58 25 am
2315 1855 21 25 a
2353 1844 144 45 soldier,

2062 1884 66 45 My
2144 1885 199 47 Captain’s
2360 1900 94 32 gone
2472 1889 144 48 before;

2018 1929 89 37 He’s
2124 1931 109 44 given
2253 1942 56 26 me
2328 1944 62 32 my
2407 1934 135 45 orders,

2062 1974 80 37 And
2160 1975 80 37 bids
2259 1988 55 25 me
2333 1981 98 33 ne’er
2447 1979 84 44 give
2548 1981 96 44 o’er;

2015 2018 67 36 His
2099 2019 176 45 promises
2290 2032 58 25 are
2366 2022 192 39 faithful—

2059 2063 30 34 A
2107 2065 185 44 righteous
2309 2077 121 27 crown
2450 2067 94 37 He’ll
2562 2070 97 44 give,

2013 2107 82 36 And
2113 2110 44 35 all
2179 2110 67 35 His
2263 2110 140 38 valiant
2420 2112 149 38 soldiers

2057 2150 186 49 Eternally
2260 2156 93 35 shall
2371 2157 83 35 live.

2145 2197 131 47 Shout,
2295 2203 66 34 etc.

1968 2296 15 32 3
2012 2284 175 48 Through
2206 2299 103 34 grace
2330 2290 11 35 I
2359 2290 68 36 feel
2444 2290 220 39 determined

2055 2330 53 37 To
2125 2342 168 36 conquer,
2308 2336 139 42 though
2470 2335 11 34 I
2498 2336 69 45 die,

2010 2375 82 35 And
2108 2376 88 37 then
2214 2388 109 34 away
2338 2383 37 32 to
2394 2381 111 35 Jesus

2053 2418 64 40 On
2136 2422 119 43 wings
2273 2424 37 34 of
2328 2424 81 35 love
2428 2424 51 35 1’11
2496 2425 74 44 fly;

2007 2462 172 40 Farewell
2197 2470 38 32 to
2252 2467 56 36 sin
2326 2469 73 35 and
2416 2478 150 36 sorrow,

2053 2510 11 34 I
2084 2510 58 37 bid
2159 2511 100 37 them
2278 2511 86 38 both
2384 2514 104 35 adieu
2504 2516 7 34 !

2007 2553 83 38 And
2109 2555 54 44 O,
2185 2566 62 32 my
2262 2556 151 44 friends,
2431 2568 111 34 prove
2558 2560 162 45 faithful,

2052 2598 80 39 And
2151 2611 45 26 on
2215 2611 90 34 your
2322 2613 85 32 way
2423 2612 146 34 pursue.

2140 2643 131 47 Shout,
2290 2648 66 35 etc.

2794 1860 25 33 4
2842 1849 200 43 Whene’er
3057 1864 73 34 you
3148 1857 96 35 meet
3259 1855 89 39 with
3366 1855 174 47 troubles,

2883 1896 83 36 And
2981 1898 101 36 trials
3099 1910 45 25 on
3163 1910 92 33 your
3269 1911 97 35 way,

2837 1939 104 40 Then
2959 1945 80 33 cast
3055 1953 91 34 your
3161 1955 99 25 cares
3278 1955 46 26 on
3346 1945 124 45 Jesus,

2881 1985 82 37 And
2981 1987 104 37 don’t
3100 1988 119 45 forget
3234 1991 37 34 to
3289 2001 101 33 pray.

2835 2027 92 41 Gird
2944 2042 45 24 on
3008 2032 62 35 the
3088 2034 125 45 gospel
3232 2044 118 27 armor

2878 2073 56 38 Of
2948 2077 108 42 faith,
3074 2078 73 36 and
3164 2079 106 44 hope,
3288 2080 73 36 and
3377 2080 97 45 love,

2834 2117 81 38 And
2933 2121 107 34 when
3057 2122 62 36 the
3136 2122 179 39 combat’s
3333 2124 129 45 ended,

2878 2163 94 37 He’ll
2990 2176 102 34 carry
3110 2178 72 32 you
3200 2167 129 37 above.

2966 2208 131 47 Shout,
3115 2214 66 35 etc.

2790 2305 15 33 5
2832 2295 39 37 O
2889 2297 45 36 do
2953 2300 63 34 not
3032 2299 44 35 be
3092 2299 250 48 discouraged,

2877 2340 68 36 For
2964 2342 109 36 Jesus
3091 2345 31 34 is
3139 2355 91 34 your
3249 2345 149 46 Friend;

2831 2384 81 38 And
2931 2387 25 34 if
2973 2399 72 31 you
3063 2388 81 37 lack
3159 2390 57 35 for
3233 2390 216 47 knowledge

2876 2429 94 38 He’ll
2990 2434 62 33 not
3069 2434 120 36 refuse
3207 2437 37 33 to
3264 2435 92 36 lend.

2831 2473 148 41 Neither
2994 2476 73 36 will
3087 2479 55 34 He
3159 2478 151 47 upbraid
3326 2492 87 34 you,

2875 2518 157 46 Though
3052 2523 97 36 often
3169 2534 71 33 you
3260 2526 154 44 request,

2830 2562 95 38 He’ll
2942 2566 84 43 give
3043 2577 72 33 you
3133 2578 104 34 grace
3253 2571 37 35 to
3308 2580 168 35 conquer,

2875 2608 81 37 And
2972 2610 87 36 take
3077 2622 71 34 you
3167 2612 106 37 home
3290 2617 37 34 to
3346 2617 84 35 rest.

2961 2653 133 46 Shout,
3115 2659 67 34 etc.

282 2764 99 38 John
409 2766 136 37 Leland
570 2778 79 25 was
677 2766 87 37 born
791 2768 35 36 in
854 2765 295 45 Massachusetts
1174 2770 35 34 in
1239 2779 83 36 1754
1348 2772 70 36 and
1447 2772 79 37 died
1552 2774 35 34 in
1617 2776 93 45 1844-
1763 2777 54 36 He
1842 2787 78 27 was
1945 2790 21 24 a
1996 2778 143 47 Baptist
2165 2780 176 46 minister,
2368 2781 162 47 laboring
2561 2784 135 45 mostly
2720 2786 35 34 in
2783 2785 163 47 Virginia
2971 2788 71 36 and
3068 2787 305 45 Massachusetts.
3425 2793 67 38 His
3519 2795 59 38 life

195 2806 68 37 and
286 2810 167 45 writings
477 2821 95 26 were
595 2811 193 45 published
817 2813 35 34 in
881 2814 81 42 1845
990 2814 49 43 by
1065 2814 92 37 Miss
1183 2814 40 36 L.
1253 2814 41 37 F.
1322 2815 136 38 Green.
1509 2817 67 36 His
1599 2821 75 37 two
1700 2818 108 41 noted
1832 2821 137 44 hymns
1993 2832 107 36 were,
2129 2823 77 39 “O
2233 2825 123 39 When
2383 2826 102 36 Shall
2512 2829 12 33 1
2550 2828 68 36 See
2644 2828 161 38 Jesus?”
2832 2831 71 38 and
2930 2831 118 37 “The
3078 2834 86 45 Day
3180 2836 31 35 is
3230 2835 88 37 Past
3335 2837 71 36 and
3425 2836 151 41 Gone.”

195 2850 68 37 For
283 2855 142 37 further
448 2855 129 39 sketch
603 2866 62 26 see
691 2856 22 15 “
728 2857 131 36 Bound
884 2858 58 36 for
964 2854 205 43 Canaan.”
1218 2859 91 37 This
1338 2861 31 36 is
1393 2861 150 37 claimed
1573 2863 51 45 by
1649 2860 160 47 William
1837 2865 154 40 Walker
2014 2868 114 39 under
2151 2870 154 37 another
2329 2882 118 25 name.
2497 2873 72 37 We
2592 2874 80 39 find
2698 2877 29 39 it
2748 2875 158 41 credited
2931 2880 38 36 to
2997 2877 120 49 Major
3141 2880 128 40 White
3296 2882 57 36 for
3376 2893 42 25 so
3446 2882 89 48 long
3556 2896 23 26 a

193 2895 84 38 time
299 2899 83 38 that
403 2912 56 24 we
484 2910 59 27 are
568 2901 189 47 unwilling
782 2905 37 33 to
845 2902 107 37 make
979 2904 62 36 the
1065 2903 141 47 change
1231 2915 41 25 as
1297 2907 37 35 to
1359 2905 228 47 authorship.
1638 2908 67 41 See
1731 2908 178 45 revisions
1934 2913 38 36 of
1997 2911 169 42 “Sacred
2192 2914 136 46 Harp”
2357 2927 48 35 up
2428 2919 37 35 to
2495 2918 93 45 1869.
