4064 3430
500 364 33 49 4
1445 366 459 55 RUDIMENTS
1976 370 96 53 OF

500 458 76 38 The
599 460 225 36 Semi-breve
846 462 31 33 is
901 471 80 26 now
1005 462 61 34 the
1090 461 143 48 longest
1255 467 84 31 note
1362 465 38 32 in
1425 465 113 33 music
1564 465 72 34 and
1661 468 28 32 is
1716 466 116 34 called
1857 479 21 21 a
1903 477 166 25 measure

412 540 94 33 note.
553 537 116 35 There
693 549 64 24 are
780 540 141 34 certain
945 540 124 34 modes
1095 542 41 33 of
1159 553 93 21 time
1276 543 82 33 that
1383 542 103 35 takes
1512 555 22 21 a
1558 544 129 35 dotted
1713 545 215 35 semi-breve
1953 549 39 31 to
2017 545 53 33 fill

412 639 20 21 a
456 633 178 32 measure.

805 695 237 38 LEADING
1075 698 136 36 NOTE
1244 700 110 33 AND
1389 701 107 33 KEY
1528 701 148 36 NOTE.

500 773 47 37 In
564 774 89 35 each
671 778 88 32 tune
777 777 148 33 written
944 786 47 23 on
1008 776 62 33 the
1089 778 94 33 staff
1202 778 102 33 there
1322 780 31 32 is
1373 790 22 22 a
1414 779 148 45 leading
1580 783 86 33 note
1686 781 73 33 and
1777 781 72 45 key
1867 785 96 31 note.

499 852 75 37 The
600 853 148 45 leading
772 857 85 33 note
882 855 30 34 is
939 854 134 46 always
1099 866 45 23 on
1171 867 97 23 some
1294 868 67 24 one
1386 858 71 35 line
1483 869 41 22 or
1550 868 108 35 space
1684 861 41 32 of
1750 862 61 33 the
1836 862 113 32 music
1975 862 94 34 staff

410 931 72 35 and
503 942 40 25 so
566 932 30 34 is
619 932 58 34 the
699 933 70 44 key
790 935 96 31 note.
909 932 115 36 When
1047 934 61 33 the
1129 935 148 44 leading
1297 938 85 31 note
1404 937 29 32 is
1457 936 221 41 discovered,
1701 939 85 33 then
1809 940 60 34 the
1891 940 70 44 key
1984 942 83 32 note

409 1022 30 33 is
461 1032 48 24 on
530 1021 61 35 the
614 1024 88 33 next
723 1022 71 35 line
816 1033 43 24 or
881 1032 111 37 space
1014 1022 113 36 above
1150 1034 42 23 or
1215 1024 115 34 below
1353 1025 40 40 it,
1417 1025 72 33 and
1513 1026 181 34 wherever
1716 1038 73 33 you
1813 1028 76 33 find
1913 1029 61 33 the
1998 1028 68 45 key

409 1114 85 32 note
515 1112 31 33 it
566 1112 30 34 is
619 1112 134 45 always
777 1114 70 32 No.
871 1115 31 31 1.

501 1200 84 37 Two
605 1201 107 34 kinds
730 1202 41 43 of
787 1203 115 33 music
918 1212 63 24 are
999 1202 39 34 in
1054 1213 76 30 use,
1149 1205 117 33 called
1285 1204 79 45 Maj
1444 1207 124 43 bright
1587 1207 72 34 and
1700 1218 125 34 oyous,
1843 1210 72 32 and
1934 1209 133 40 Minor,

406 1290 169 49 plaintiff
594 1291 73 34 and
685 1292 235 45 melancholy.

499 1369 118 36 When
642 1370 130 46 Major
796 1372 114 33 music
935 1372 31 33 is
992 1373 157 40 written,
1174 1373 62 34 the
1262 1374 69 43 key
1358 1376 84 32 note
1468 1376 30 32 is
1525 1386 46 22 on
1596 1376 60 34 the
1683 1376 82 34 first
1790 1377 73 34 line
1889 1388 43 23 or
1958 1386 108 35 space

409 1460 114 35 above
547 1459 61 37 the
634 1460 147 46 leading
806 1464 94 31 note.
928 1461 44 33 In
997 1463 124 33 Minor
1145 1464 114 33 music
1287 1465 59 33 the
1370 1464 70 44 key
1466 1468 85 30 note
1577 1467 30 32 is
1634 1477 46 22 on
1706 1467 61 33 the
1792 1467 72 33 line
1891 1477 42 23 or
1959 1476 107 35 space

407 1539 116 35 below
549 1538 63 35 the
639 1538 148 47 leading
815 1543 95 31 note.
968 1540 180 45 (Further
1177 1542 235 44 explanation
1442 1543 106 34 made
1579 1544 116 34 under
1725 1546 92 32 head
1845 1546 41 33 of
1917 1545 150 44 Major

410 1629 74 35 and
505 1628 177 47 Minor.)

499 1718 267 39 TuneWhen
797 1731 80 30 one,
910 1723 84 38 two,
1026 1722 102 34 three
1161 1733 41 23 or
1237 1723 87 33 four
1356 1725 105 44 parts
1497 1735 61 22 are
1592 1735 95 35 sung
1720 1736 41 22 or
1794 1726 145 43 played,
1971 1727 31 33 it
2035 1727 29 33 is

409 1810 118 35 called
551 1823 22 22 a
594 1815 99 33 tune.

497 1903 65 32 An
588 1901 83 42 Air,
700 1914 23 21 a
751 1901 232 45 MelodyA
1014 1904 204 34 succession
1249 1905 41 32 of
1318 1905 191 33 measured
1537 1904 150 41 sounds,
1717 1907 190 43 agreeable
1938 1909 37 31 to
2007 1906 60 33 the

409 2002 64 22 ear
500 1992 73 32 and
597 1992 212 47 possessing
834 2004 21 21 a
881 1993 150 34 distinct
1060 1993 71 34 and
1159 1994 158 46 striking
1343 1995 208 40 character;
1578 1999 39 30 to
1644 1997 109 43 bring
1778 1998 77 31 into
1883 1997 185 44 harmony.

498 2082 76 33 The
594 2081 177 35 different
790 2085 106 42 parts
917 2082 42 33 of
977 2084 114 31 music
1112 2094 62 23 are
1194 2083 134 36 called:
1350 2085 29 31 1.
1403 2085 106 39 Bass,
1530 2084 59 35 the
1611 2086 126 33 lowest
1757 2088 104 41 part;
1882 2087 32 31 2.
1941 2087 129 41 Tenor,

410 2172 61 33 the
488 2170 149 47 leading
654 2175 105 42 part;
779 2175 31 31 3.
834 2174 104 39 Alto,
956 2177 86 30 next
1062 2176 39 30 to
1120 2175 126 34 lowest
1266 2178 104 42 part;
1390 2176 31 32 4.
1449 2176 140 39 Treble,
1608 2178 146 31 written
1775 2187 46 22 on
1841 2180 105 30 tenor
1967 2177 102 36 staff.

497 2261 222 36 NoteThe
750 2263 101 39 Alto,
881 2264 205 33 sometimes
1115 2264 117 34 called
1261 2265 173 40 Counter,
1463 2268 29 29 is
1522 2276 94 34 sung
1644 2265 48 45 by
1722 2265 133 34 female
1883 2266 116 34 voices
2029 2267 41 32 of

407 2353 68 32 low
498 2353 166 45 register.
711 2354 92 33 Bass
826 2354 30 32 is
879 2362 94 36 sung
994 2353 48 44 by
1063 2354 93 35 male
1179 2355 115 33 voices
1318 2356 40 31 of
1381 2355 68 33 low
1473 2356 165 44 register.
1683 2357 132 39 Tenor,
1836 2356 61 34 the
1920 2355 149 45 leading

407 2445 89 39 part
526 2441 171 47 (Cantus,
724 2443 127 44 song),
876 2445 30 32 is
933 2453 94 35 sung
1052 2443 47 44 by
1125 2444 93 32 male
1246 2445 117 34 voices
1389 2445 41 32 of
1457 2446 86 43 high
1569 2446 165 44 register.
1783 2447 86 33 This
1896 2448 98 42 part,
2020 2444 48 44 by

408 2541 98 24 some
528 2532 155 42 writers,
704 2534 29 32 is
756 2531 118 34 called
898 2531 179 47 Soprano,
1100 2532 72 34 and
1195 2535 30 32 is
1248 2544 94 35 sung
1362 2534 49 44 by
1434 2535 133 33 female
1590 2536 117 33 voices
1730 2536 42 32 of
1793 2536 86 44 high
1902 2536 166 44 register.

496 2619 194 48 Harmony
714 2623 30 31 is
768 2622 62 33 the
854 2624 61 30 art
939 2622 42 32 of
1005 2622 153 45 binding
1183 2625 103 33 tones
1310 2625 77 31 into
1412 2624 107 32 cords
1544 2624 73 33 and
1642 2626 164 44 treating
1831 2626 103 32 those
1959 2624 107 35 cords

404 2709 197 50 according
632 2714 39 31 to
703 2713 139 33 certain
876 2711 107 36 rules.

491 2798 341 49 NoteHarmony
856 2802 29 33 is
910 2801 59 34 the
996 2801 220 36 foundation
1240 2804 42 33 of
1303 2804 148 45 Melody
1476 2803 73 33 and
1573 2816 51 23 we
1648 2809 99 30 must
1770 2806 90 32 have
1886 2817 22 21 a
1929 2805 120 34 knowl

401 2890 94 46 edge
521 2891 41 34 of
586 2902 66 23 one
680 2895 37 31 to
743 2892 211 44 appreciate
981 2893 59 33 the
1065 2893 114 34 other.
1228 2893 77 39 One
1330 2895 30 34 is
1386 2898 64 31 not
1475 2894 179 46 complete
1678 2896 155 34 without
1857 2896 60 36 the
1943 2896 122 42 other;

402 2982 32 32 if
457 2991 54 25 we
534 2980 89 36 hear
648 2993 21 22 a
693 2981 205 36 succession
923 2983 42 34 of
988 2983 206 35 harmonies
1218 2994 53 26 we
1294 2988 133 32 cannot
1453 2986 68 33 fail
1547 2989 38 31 to
1611 2987 123 34 detect
1757 2987 39 33 in
1819 2987 30 34 it
1874 2998 22 22 a
1918 2986 147 47 perfect

404 3070 83 35 flow
514 3071 44 36 of
583 3070 156 47 melody.

2140 367 258 60 MUSIC.
2537 371 358 54 Continued.

2307 517 185 37 treble

2346 866 123 37 ALTO

2318 1219 162 33 TENOR

2356 1567 114 36 BASS

2161 1888 141 39 cented,
2333 1888 58 32 the
2423 1887 119 34 words
2574 1897 42 22 or
2647 1890 130 41 poetry
2810 1886 91 32 used
2931 1886 38 33 in
3002 1887 58 31 the
3094 1886 240 44 composition
3365 1886 38 32 in
3433 1898 109 32 many
3576 1889 105 32 tunes
3714 1887 107 42 often

2162 1990 115 34 direct
2307 1990 59 31 the
2393 1989 104 43 place
2525 1990 64 40 for
2616 1988 151 33 natural
2794 1992 126 28 accent
2951 1987 45 44 by
3027 1987 59 34 the
3114 1988 194 33 sentiment
3338 1988 41 41 of
3408 1986 59 36 the
3495 1987 131 36 words.
3679 1988 141 33 There

2161 2088 31 31 is
2213 2087 85 33 time
2320 2090 39 29 to
2378 2085 148 34 music.
2568 2087 117 32 There
2706 2086 30 33 is
2758 2086 130 43 placed
2909 2096 47 22 on
2977 2086 61 33 the
3059 2085 115 34 music
3195 2086 94 32 staff
3309 2085 99 44 signs
3431 2084 162 47 showing
3612 2085 98 35 what
3730 2085 91 34 kind

2164 2188 41 33 of
2232 2189 87 32 time
2348 2188 61 33 the
2437 2188 116 33 music
2581 2189 31 33 is
2640 2191 57 30 set
2723 2191 49 35 to,
2801 2187 118 32 called
2944 2185 131 35 Modes
3104 2187 41 41 of
3176 2187 111 35 Time.
3339 2186 117 35 There
3485 2197 63 23 are
3577 2186 172 37 numbers
3780 2185 43 34 of

2162 2291 108 39 them,
2300 2289 160 44 namely:
2513 2290 185 38 Common,
2729 2288 123 46 triple,
2882 2288 206 45 compound
3119 2289 73 33 and
3220 2289 134 32 others.
3407 2287 112 35 Mode
3549 2288 42 33 of
3620 2288 86 33 time
3735 2289 31 32 is
3797 2299 24 21 a

2160 2379 204 44 particular
2392 2381 135 43 system
2562 2384 36 32 of
2626 2379 242 43 constituting
2894 2378 129 39 sound,
3049 2378 49 43 by
3124 2377 113 36 which
3265 2379 61 32 the
3354 2379 127 34 octave
3508 2379 30 33 is
3568 2375 147 38 divided
3743 2377 80 33 into

2160 2482 141 34 certain
2325 2479 175 37 intervals
2527 2481 196 43 according
2747 2482 40 31 to
2813 2482 258 42 arrangement
3096 2479 42 34 of
3162 2480 60 34 the
3249 2484 87 29 tune
3364 2489 43 23 or
3432 2481 102 33 notes
3561 2490 47 23 on
3634 2478 62 35 the
3722 2477 98 37 scale

2160 2583 37 32 in
2222 2580 125 45 major
2371 2591 43 23 or
2437 2581 118 33 minor
2578 2582 80 42 key.

2247 2682 117 32 There
2388 2692 62 22 are
2473 2680 136 45 figures
2631 2680 130 45 placed
2786 2684 39 30 at
2847 2681 60 33 the
2931 2680 199 44 beginning
3152 2680 42 33 of
3217 2691 22 22 a
3261 2683 87 30 tune
3370 2679 102 35 when
3496 2677 226 40 understood
3745 2679 73 34 will

2159 2784 97 33 show
2277 2784 80 32 into
2377 2782 80 33 how
2479 2791 110 36 many
2611 2784 106 42 parts
2741 2780 60 36 the
2824 2790 167 24 measure
3015 2782 30 31 is
3069 2779 157 36 divided.
3274 2780 75 33 The
3373 2779 115 36 music
3512 2780 30 35 is
3568 2777 146 39 divided
3740 2779 81 35 into

2158 2892 184 25 measures
2368 2882 49 44 by
2442 2881 149 47 placing
2617 2892 21 22 a
2665 2880 106 35 small
2796 2880 67 33 bar
2891 2890 122 27 across
3039 2881 61 33 the
3126 2878 92 37 lines
3246 2880 41 33 of
3313 2879 61 34 the
3402 2880 103 42 staff,
3532 2880 88 34 each
3647 2880 42 33 of
3716 2878 101 36 these

2157 2983 261 35 sub-divisions
2446 2982 49 45 by
2524 2983 101 35 these
2655 2981 105 35 small
2789 2982 86 33 bars
2902 2983 32 32 is
2964 2993 22 22 a
3014 2989 178 32 measure.
3244 2981 46 38 In
3316 2980 90 38 each
3433 2980 42 37 of
3503 2979 102 38 these
3632 2987 185 31 measures

2159 3073 102 36 there
2281 3074 34 36 is
2334 3072 99 36 what
2452 3072 31 36 is
2504 3072 118 37 called
2642 3073 172 34 Measure
2835 3072 110 34 Bars.

2760 472 145 34 FLOW
2927 471 65 36 OF
3014 471 228 36 MELODY.

2841 550 150 46 Melody
3013 551 33 34 is
3068 551 130 34 known
3223 554 37 31 to
3285 550 43 35 be
3350 562 23 21 a
3394 550 206 37 succession
3622 552 43 44 of
3686 551 126 37 harmo

2751 608 76 32 nies
2847 609 37 31 in
2904 619 22 20 a
2948 610 96 33 tune.

2838 664 117 34 When
2986 664 188 36 harmonic
3204 663 105 36 cords
3341 663 241 49 successfully
3611 665 111 37 blend
3751 668 79 33 into

2725 724 90 35 each
2832 725 100 33 other

2746 779 35 33 is
2816 791 23 21 a
2873 780 206 34 succession
3114 781 42 41 of
3189 779 128 46 simple
3354 783 102 32 tones
3491 793 39 21 so
3566 781 186 45 arranged
3786 792 43 21 as

2748 839 35 30 to
2802 835 163 46 produce
2985 849 23 20 a
3024 835 167 47 pleasing
3213 837 110 44 effect
3343 846 100 36 upon
3462 838 58 33 the
3541 848 72 23 ear.
3660 838 87 45 (See
3765 847 44 24 ex

2745 892 119 47 ample
2884 892 117 35 under
3020 894 94 33 head
3135 895 42 31 of
3196 893 158 44 Melody.

2835 950 141 46 Sharps
2997 951 74 33 and
3092 949 228 36 FlatsThe
3341 950 69 44 key
3433 954 84 30 note
3540 951 30 33 is
3592 949 163 47 changed
3780 961 47 23 on

2744 1007 63 35 the
2831 1009 93 33 staff
2948 1007 49 46 by
3023 1008 208 36 characters
3256 1008 117 34 called
3400 1008 138 47 Sharps
3565 1009 72 34 and
3665 1007 114 35 Flats.

2835 1063 138 47 Sharps
3003 1066 72 32 and
3106 1066 103 33 Flats
3239 1076 140 33 appear
3406 1065 83 45 just
3517 1067 99 33 after
3645 1067 60 32 the
3734 1065 92 34 clefs

2743 1121 38 32 in
2800 1122 61 32 the
2881 1120 198 47 beginning
3097 1122 43 33 of
3160 1123 60 32 the
3241 1126 99 35 tune,
3360 1122 33 32 if
3413 1122 84 46 they
3518 1134 62 23 are
3602 1123 100 34 used.
3723 1123 101 43 They

2747 1186 62 24 are
2830 1177 116 33 called
2967 1177 209 44 Signature.

2832 1244 119 33 When
2979 1246 62 31 the
3066 1244 71 46 key
3162 1248 86 30 note
3274 1246 31 32 is
3333 1245 210 34 discovered
3570 1246 117 33 either
3711 1246 39 33 in
3776 1246 51 33 its

2743 1311 148 33 natural
2922 1310 105 46 place
3058 1322 41 22 or
3128 1311 49 46 by
3209 1313 130 42 sharps
3370 1323 43 21 or
3442 1312 96 41 flats,
3569 1312 86 45 they
3687 1312 136 44 always

2744 1388 99 23 come
2880 1380 36 31 in
2952 1378 96 34 their
3083 1378 149 44 regular
3266 1377 110 34 order
3410 1388 45 23 on
3490 1380 62 33 the
3587 1380 102 33 staff.
3749 1378 76 33 The

2743 1445 182 44 changing
2956 1445 40 34 of
3027 1446 69 43 key
3128 1447 85 32 note
3244 1445 156 43 changes
3433 1445 49 33 all
3513 1445 104 34 other
3649 1448 102 31 notes
3784 1456 40 23 so

2743 1513 39 23 as
2811 1506 40 29 to
2879 1501 123 35 follow
3031 1503 38 32 in
3096 1502 96 34 their
3221 1502 147 44 regular
3397 1502 110 33 order
3535 1503 100 34 after
3663 1504 60 33 the
3752 1503 71 44 key

2735 1561 85 34 note
2840 1569 46 23 on
2905 1559 62 34 the
2985 1560 89 35 lines
3096 1560 72 32 and
3190 1570 127 33 spaces
3337 1560 42 32 of
3397 1560 59 34 the
3476 1560 102 35 staff.

2836 1617 51 32 To
2915 1615 200 45 emphasize
3144 1627 41 22 or
3210 1619 114 29 stress
3348 1627 70 33 any
3443 1619 88 42 part
3556 1616 42 33 of
3621 1616 63 34 the
3710 1616 116 33 music

2743 1664 31 32 is
2798 1662 117 33 called
2939 1664 137 33 accent.

2832 1719 116 33 There
2973 1730 62 25 are
3057 1719 140 34 certain
3221 1720 98 43 signs
3341 1720 37 32 in
3400 1719 115 36 music
3536 1719 132 45 placed
3692 1731 46 23 on
3762 1719 62 35 the

2742 1775 92 33 staff
2858 1774 161 45 showing
3041 1774 118 34 where
3184 1775 72 32 and
3279 1776 78 32 how
3380 1775 60 35 the
3464 1778 88 31 tune
3575 1778 30 32 is
3630 1779 38 32 to
3692 1776 45 34 be
3762 1788 62 22 ac-
