3981 3424
1582 376 425 56 COLUMBUS.
2079 375 61 48 C.
2181 374 81 49 M.

3543 361 73 67 67

318 528 85 46 Key
426 527 44 40 of
492 518 55 64 Fj|
570 526 138 37 Minor.

878 490 111 27 “Now
998 489 56 27 the
1062 487 70 33 just
1144 486 86 29 shall
1242 485 65 28 live
1318 485 44 31 by
1373 483 85 29 faith
1470 492 7 19 :
1494 483 58 26 but
1565 480 27 28 if
1603 489 66 27 any
1680 487 78 20 man
1770 478 90 27 draw
1872 477 93 33 back,
1979 484 56 26 my
2048 474 69 28 soul
2131 474 84 27 shall
2230 474 82 25 have
2325 481 43 17 no
2380 471 151 34 pleasure
2543 470 34 27 in
2590 469 226 29 him."—Heb.
2831 470 41 25 10:
2892 470 41 26 38.

2848 499 213 40 Mercer’S
3087 496 220 50 “Cluster,”
3332 510 97 34 page
3453 499 75 35 383.

1867 555 146 34 12

633 787 80 46 Oh,
732 798 87 26 once
854 787 10 34 I
929 786 72 36 had
1018 798 21 23 a
1086 783 177 45 glo-rious
1280 782 96 37 view
1393 780 56 37 Of
1467 791 62 32 my
1568 776 234 46 re-deem-ing
1822 774 107 44 Lord,

635 832 54 38 He
729 833 93 42 said,
841 832 53 35 I’ll
943 832 42 35 be
1025 841 22 24 a
1088 826 85 40 God
1205 831 37 33 to
1281 836 89 37 you,
1389 824 83 37 And
1491 824 11 35 I
1566 822 179 38 be-lieved
1765 820 66 35 His
1949 816 112 39 word.

1873 1091 20 30 1
1995 1090 22 30 2

2202 793 71 36 But
2292 802 83 25 now
2417 790 11 35 I
2446 789 95 37 have
2596 800 21 24 a
2657 787 141 45 deep-er
2815 786 125 38 stroke
2958 785 107 38 Than
3084 786 46 38 all
3149 796 63 34 my
3228 784 215 46 groan-ings
3460 793 72 33 are;
3554 778 66 50 My

638 1319 80 46 Oh,
735 1320 103 36 what
854 1319 47 35 im
917 1338 11 6 -
942 1318 142 37 mor-tai
1100 1317 84 43 joys
1217 1315 13 35 I
1291 1314 66 37 felt
1388 1314 64 36 On
1470 1313 83 35 that
1579 1322 39 25 ce
1636 1328 12 8 -
1666 1310 52 35 les
1730 1307 88 39 -tial
1836 1307 86 44 day,

640 1365 123 39 When
783 1375 61 33 my
863 1364 90 35 hard
970 1363 103 36 heart
1091 1362 133 43 be-gan
1240 1362 38 33 to
1297 1359 98 42 melt,
1416 1358 56 44 By
1490 1357 81 35 love
1589 1353 200 39 dis-solved
1807 1364 21 24 a
1874 1370 22 58 £
1954 1350 96 45 way!

2203 1327 75 37 But
2310 1337 63 33 my
2387 1323 212 45 com-plaint
2614 1323 32 34 is
2677 1320 54 38 bit
2747 1339 13 7 -
2775 1323 54 34 ter
2847 1330 96 33 now,
2965 1318 71 38 For
3051 1320 47 36 all
3154 1330 62 33 my
3229 1319 85 44 joys
3332 1329 59 24 are
3409 1327 104 34 gone;
3535 1313 77 42 I’ve

1634 1639 19 30 1
1755 1638 22 30 2

468 1864 86 39 God
570 1866 71 35 has
658 1875 56 26 me
733 1865 37 35 of
787 1863 70 38 late
874 1862 180 43 for-sook,
1074 1859 90 37 He’s
1182 1870 106 34 gone,
1310 1858 11 35 I
1340 1859 112 34 know
1470 1859 64 32 not
1550 1854 132 37 where,
1704 1853 132 36 where.

1636 1899 19 30 1
1760 1898 22 30 2

1642 2138 19 30 1
1764 2137 22 29 2

393 2365 160 45 strayed!
575 2365 64 35 I’m
658 2364 76 38 left!
801 2363 12 35 I
845 2361 113 38 know
976 2363 63 34 not
1071 2360 97 37 how:
1190 2358 78 37 The
1286 2357 127 45 light’s
1429 2357 92 35 from
1542 2367 55 24 me
1615 2352 230 39 withdrawn.

1646 2399 19 30 1
1768 2397 22 29 2

1968 1657 16 34 3
2011 1643 105 39 Once
2137 1646 11 35 I
2165 1645 104 37 could
2285 1645 64 44 joy
2364 1644 63 36 the
2444 1642 118 36 saints
2579 1643 36 34 to
2634 1640 107 42 meet,

2012 1701 52 37 To
2083 1712 56 25 me
2155 1702 89 44 they
2261 1711 94 26 were
2374 1702 95 33 most
2486 1698 103 43 dear;

1969 1758 12 35 I
1997 1757 88 38 then
2102 1757 104 36 could
2224 1759 104 41 stoop
2344 1757 38 35 to
2399 1754 105 36 wash
2521 1752 96 38 their
2630 1752 88 42 feet,

2014 1812 82 38 And
2109 1812 91 37 shed
2217 1824 21 25 a
2255 1811 117 45 joyful
2389 1813 97 41 tear;

1970 1870 72 36 But
2060 1879 83 27 now
2163 1868 11 35 I
2193 1871 94 34 meet
2302 1866 100 37 them
2421 1876 41 25 as
2480 1864 64 38 the
2562 1866 87 40 rest,

2015 1925 83 37 And
2113 1925 90 37 with
2220 1924 101 37 them
2337 1922 140 44 joyless
2494 1923 105 42 stay;

1973 1983 65 45 My
2053 1982 289 38 conversation’s
2361 1979 189 45 spiritless,

2016 2038 57 37 Or
2090 2038 72 36 else
2182 2036 75 38 I’ve
2275 2036 142 44 naught
2433 2038 37 34 to
2488 2045 79 34 say.

1972 2140 22 32 4
2020 2129 10 35 I
2050 2138 87 27 once
2154 2126 104 37 could
2276 2135 126 26 mourn
2421 2124 74 36 o’er
2512 2124 113 44 dying
2643 2133 96 33 men,

2021 2183 80 38 And
2119 2182 130 45 longed
2265 2181 94 36 their
2376 2180 100 35 souls
2492 2181 37 34 to
2547 2179 93 43 win;

1977 2240 13 35 I
2006 2237 176 41 travailed
2197 2237 56 37 for
2268 2237 95 36 their
2378 2246 88 33 poor
2482 2235 174 43 children,

2023 2295 81 37 And
2120 2292 148 38 warned
2284 2292 100 36 them
2403 2292 36 34 of
2456 2290 93 37 their
2567 2290 76 43 sin;

1979 2352 71 37 But
2068 2361 83 25 now
2169 2359 62 35 my
2246 2347 139 37 heart’s
2403 2357 41 25 so
2462 2346 153 36 careless
2634 2355 139 34 grown,

2025 2406 186 45 Although
2229 2404 144 45 they’re
2389 2401 171 38 drowned
2578 2402 36 34 in
2630 2401 93 43 vice,

1981 2462 65 45 My
2063 2461 136 39 bowels
2217 2461 73 36 o’er
2306 2459 101 37 them
2426 2467 102 27 cease
2546 2460 37 33 to
2600 2467 158 34 yearn—

2027 2518 67 45 My
2108 2520 98 34 tears
2226 2516 96 36 have
2340 2514 65 37 left
2422 2514 95 36 mine
2535 2523 99 34 eyes.
2681 2543 5 5 .

2834 1645 17 35 5
2879 1637 11 35 I
2908 1637 157 39 forward
3082 1648 45 34 go
3146 1637 35 35 in
3200 1636 125 44 duty’s
3341 1646 98 33 way,

2879 1694 73 37 But
2967 1693 99 38 can’t
3081 1693 163 44 perceive
3261 1691 76 37 him
3354 1690 121 44 there;

2835 1748 104 38 Then
2957 1747 197 40 backward
3171 1759 46 25 on
3235 1747 62 38 the
3315 1747 84 35 road
3419 1746 11 34 I
3448 1747 116 42 stray,

2882 1806 72 36 But
2969 1808 134 34 cannot
3118 1805 75 35 find
3210 1804 75 35 him
3303 1802 122 44 there;

2836 1860 65 38 On
2919 1862 62 36 the
2998 1860 65 37 left
3079 1859 112 46 hand,
3206 1859 121 36 where
3344 1858 47 35 he
3409 1856 87 38 doth
3514 1854 118 45 work,

2882 1916 145 45 Among
3043 1917 63 36 the
3122 1916 142 36 wicked
3280 1924 108 34 crew,

2839 1974 82 36 And
2938 1985 46 24 on
3000 1973 63 36 the
3082 1971 97 45 right
3198 1971 10 35 I
3223 1970 75 36 find
3315 1970 75 35 him
3409 1971 64 35 not

2885 2028 144 45 Among
3045 2028 63 36 the
3124 2027 148 37 favored
3288 2026 85 37 few.

2840 2121 21 35 6
2887 2119 117 39 What
3021 2118 93 36 shall
3134 2117 11 36 I
3163 2118 45 35 do
3218 2115 156 38 ?—shall
3394 2115 11 34 I
3423 2114 45 36 lie
3485 2113 108 36 down

2887 2176 82 35 And
2986 2174 86 36 sink
3089 2175 36 34 in
3143 2173 87 43 deep
3249 2171 163 45 despair;

2845 2230 89 40 Will
2951 2230 56 36 He
3022 2230 143 35 forever
3180 2239 98 25 wear
3293 2239 23 24 a
3330 2227 132 44 frown,

2891 2287 73 38 Nor
2980 2286 87 36 hear
3084 2295 63 34 my
3163 2284 115 36 feeble
3295 2294 128 32 prayer
3433 2283 15 35 ?

2847 2342 75 44 No;
2952 2341 54 36 He
3022 2341 73 36 will
3112 2342 66 43 put
3196 2340 67 36 His
3282 2337 167 47 strength
3469 2338 35 34 in
3523 2348 69 32 me,

2892 2399 55 35 He
2963 2397 134 36 knows
3114 2395 62 38 the
3193 2407 85 32 way
3296 2393 77 37 I’ve
3390 2392 159 44 strolled,

2848 2453 83 37 And
2947 2453 108 37 when
3075 2451 65 37 I’m
3158 2451 89 36 tried
3265 2447 217 45 sufficiently

2895 2510 12 35 I
2925 2508 93 38 shall
3035 2518 100 26 come
3151 2507 99 36 forth
3268 2516 42 26 as
3329 2505 94 44 gold.

343 2637 80 39 The
447 2637 120 37 words
593 2638 35 35 in
652 2637 64 37 the
741 2634 116 38 above
882 2633 115 44 hymn
1023 2644 59 25 are
1107 2628 155 43 selected
1286 2630 92 36 from
1406 2627 170 38 Mercer’s
1602 2622 233 50 “Cluster,”
1862 2623 50 45 by
1938 2622 105 39 Jesse
2070 2620 148 42 Mercer,
2236 2617 38 35 of
2300 2614 211 46 Powellton,
2538 2613 90 44 Ga.,
2658 2614 95 43 1823.
2804 2610 79 38 The
2906 2609 77 38 title
3008 2610 36 34 of
3068 2608 63 36 the
3155 2607 114 42 hymn
3295 2615 78 25 was
3401 2599 247 50 “Perplexed,

254 2695 74 37 But
352 2693 75 40 Not
453 2694 38 35 In
517 2690 199 49 Despair.”
766 2686 285 42 “Columbus”
1077 2688 33 36 is
1133 2697 69 28 one
1225 2687 39 36 of
1290 2686 64 37 the
1378 2685 95 44 good
1497 2684 58 35 old
1582 2683 123 45 tunes,
1731 2680 66 37 but
1822 2679 64 40 the
1910 2670 167 50 author’s
2103 2685 105 25 name
2234 2673 31 35 is
2292 2671 203 36 unknown.
2547 2669 31 36 It
2600 2680 77 24 was
2706 2664 193 49 published
2928 2676 35 25 in
2992 2666 83 42 1835
3101 2674 36 25 in
3206 2662 179 36 Southern
3418 2658 201 46 Harmony,

255 2750 49 44 by
331 2749 161 43 William
518 2747 166 49 Walker,
710 2759 92 32 page
831 2754 54 37 55.
