4047 3424
488 456 61 52 16
1448 442 468 62 RUDIMENTS
1987 439 101 59 OF

1001 536 178 37 GREEK
1211 533 279 40 NOTATION.

508 618 30 36 1.
563 617 97 37 How
685 627 109 36 many
822 614 171 52 syllables
1019 625 43 25 or
1087 618 103 31 notes
1216 614 64 35 did
1307 614 60 35 the
1395 611 139 37 Greeks
1560 613 91 36 have
1677 623 42 22 or
1745 613 86 33 use?

509 675 156 48 History
694 675 156 36 informs
880 686 42 23 us
951 675 82 34 that
1061 673 59 35 the
1151 671 138 36 Greeks
1317 671 73 34 had
1422 672 86 32 four
1537 669 151 45 syllable
1719 667 289 37 denominations
2037 667 42 34 of

418 736 116 42 notes,
560 732 113 37 which
701 733 85 45 they
814 730 150 48 applied
993 735 38 30 to
1059 730 59 34 the
1147 733 102 30 tones
1279 731 40 31 of
1347 730 93 34 their
1470 726 211 37 tetrachord
1711 737 38 23 as
1779 738 51 22 we
1860 726 121 44 assign
2011 733 67 24 our

420 793 64 43 Fa,
508 789 73 43 Sol,
605 791 66 41 La,
694 790 54 34 Mi
772 791 40 35 to
834 791 39 32 to
896 787 101 38 those
1022 790 41 32 of
1086 798 67 23 our
1176 789 156 32 octaves.

505 848 32 37 Q.
562 846 112 38 What
700 858 74 24 was
800 846 61 36 the
887 854 123 28 names
1038 845 41 35 of
1105 843 99 35 these
1233 843 85 34 four
1345 842 169 47 syllables
1542 852 42 22 or
1609 843 125 33 notes?

506 908 101 44 They
635 916 75 25 wer
759 905 117 35 called
907 905 63 40 Te,
1000 902 65 42 Ta,
1095 901 88 41 The,
1211 900 88 36 Tho.
1352 900 76 35 The
1458 901 52 31 Te
1540 897 186 35 answered
1757 899 61 33 the
1847 898 84 34 first
1960 896 117 35 sound

417 968 40 33 of
485 966 60 36 the
570 965 82 35 first
677 962 223 37 tetrachord.

506 1024 32 31 3.
566 1020 106 35 What
696 1020 112 33 about
831 1020 58 31 the
913 1017 119 35 Guido
1055 1020 138 41 system
1215 1016 41 43 of
1268 1014 135 34 .notes?

509 1081 60 33 He
596 1078 161 46 adopted
783 1078 56 34 six
864 1078 103 33 notes
994 1086 42 21 or
1063 1072 181 46 syllables.

506 1139 31 32 4.
561 1136 114 35 What
705 1135 63 33 did
798 1134 43 35 he
874 1132 70 35 call
973 1132 120 33 them?

509 1195 59 33 He
591 1193 118 35 called
733 1191 98 36 them
856 1192 66 38 Ut,
946 1190 67 38 Re,
1035 1189 66 39 Mi,
1127 1188 66 39 Fa,
1215 1187 62 34 Sol
1302 1187 75 38 ,La.
1426 1185 60 33 He
1510 1184 87 35 took
1620 1184 98 33 them
1744 1182 98 34 from
1864 1182 62 34 the
1951 1179 126 46 Hymn

419 1253 42 34 of
484 1252 54 35 St.
562 1250 98 36 John
683 1251 61 33 the
770 1249 159 45 Baptist.

507 1321 32 31 5.
564 1319 88 34 Was
678 1316 150 35 Guido’s
855 1317 103 32 notes
984 1313 142 45 readily
1151 1311 182 44 adopted?

508 1387 99 43 They
628 1396 93 23 were
743 1388 74 30 not.
861 1383 99 44 They
981 1393 92 22 were
1095 1382 81 31 first
1198 1378 216 35 introduced
1437 1379 36 30 in
1497 1376 106 44 Italy.

509 1456 30 32 6.
564 1455 112 33 What
700 1455 102 31 notes
826 1462 93 25 were
943 1450 89 33 used
1056 1450 37 32 in
1118 1447 162 34 France?

510 1521 179 46 Syllables
716 1519 117 35 called
860 1519 84 40 Pro,
970 1519 65 38 To,
1063 1516 70 40 No,
1158 1517 46 31 A.
1253 1514 115 34 These
1395 1522 93 23 were
1516 1513 88 32 used
1629 1513 37 31 in
1696 1511 139 34 France
1863 1512 58 33 for
1949 1522 22 22 a
1996 1509 84 46 long

421 1586 273 37 time—several
717 1587 192 33 centuries.

512 1658 30 33 7.
566 1656 113 35 What
706 1654 104 34 other
834 1656 103 31 notes
964 1663 93 22 were
1084 1650 110 34 used?

512 1726 116 32 There
657 1734 92 22 were
777 1732 110 36 many
915 1719 177 34 different
1120 1727 123 24 names
1272 1715 116 45 given,
1417 1725 43 23 or
1486 1714 47 44 by
1563 1713 112 33 which
1703 1713 61 32 the
1792 1711 169 47 syllables
1991 1721 93 23 were

424 1794 117 34 called
568 1796 39 30 at
634 1791 176 35 different
837 1790 117 33 times.
1007 1788 43 32 In
1079 1788 97 39 1582,
1203 1785 72 32 and
1304 1785 61 31 for
1392 1794 97 23 some
1517 1784 86 32 time
1633 1781 99 33 after
1760 1780 93 41 that,
1879 1780 85 44 they
1992 1789 94 23 were

423 1863 119 35 called
568 1864 66 38 Vt,
661 1862 66 38 Re,
754 1860 75 45 My,
857 1859 65 38 Fa,
948 1857 74 38 Sol,
1048 1856 65 33 La.
1162 1853 75 35 The
1266 1852 215 35 Americans
1509 1851 90 33 used
1626 1848 218 46 exclusively
1873 1849 58 33 for
1961 1846 125 35 awhile

426 1933 86 33 four
542 1930 219 39 notes—Fa,
791 1926 75 41 Sol,
894 1926 67 39 La,
992 1925 65 32 Mi.
1111 1923 40 32 C.
1182 1921 50 34 H.
1264 1919 129 35 Graun
1422 1917 193 45 employed
1645 1918 71 38 Do,
1746 1916 66 40 Mi,
1844 1917 61 39 Ni,
1936 1916 64 40 Po,
2031 1915 56 32 Tu

425 2001 67 39 La,
518 2000 63 32 Be.
631 1998 116 34 Notes
774 2006 41 23 or
841 1992 170 47 syllables
1037 1992 89 33 have
1153 1988 91 36 been
1271 1987 116 34 called
1414 1987 48 44 by
1488 1996 108 34 many
1624 1985 103 33 other
1755 1993 123 25 names
1906 1987 39 29 at
1971 1984 116 37 times,

426 2080 67 23 one
518 2070 86 31 note
630 2066 86 45 only
741 2064 100 35 used.
891 2061 115 35 Other
1031 2058 130 45 period
1186 2060 85 37 two,
1296 2053 290 36 3—4—5—6—7
1612 2052 73 33 and
1713 2062 40 23 as
1780 2052 86 44 high
1892 2062 40 23 as
1959 2051 127 32 fifteen

432 2137 82 44 (15)
549 2138 103 30 notes
682 2144 42 22 or
754 2130 171 47 syllables
954 2130 90 31 have
1073 2127 90 33 been
1193 2123 161 47 brought
1382 2125 78 31 into
1491 2121 250 45 composition.
1795 2120 75 33 The
1904 2118 185 45 following

426 2204 168 45 example
620 2204 31 31 is
680 2202 107 43 given
816 2199 82 33 that
926 2207 72 34 any
1026 2206 68 23 one
1121 2204 68 22 can
1219 2203 59 24 see
1307 2191 51 33 all
1385 2200 109 34 songs
1524 2200 69 21 can
1620 2188 45 34 be
1694 2198 95 35 sung
1817 2198 42 22 or
1887 2186 136 46 played
2052 2186 37 32 in

428 2273 87 35 four
539 2283 42 22 or
606 2280 107 26 seven
738 2269 114 33 notes.

517 2341 77 32 The
608 2337 122 47 *place
760 2337 43 32 of
833 2336 61 33 the
925 2332 152 46 syllable
1109 2330 51 41 Si,
1191 2327 199 47 according
1419 2330 38 29 to
1489 2326 61 35 the
1584 2324 136 35 Italian
1753 2323 160 41 method,
1944 2324 71 33 and
2049 2323 40 32 of

427 2410 65 39 Mi,
513 2407 195 44 according
728 2408 39 31 to
788 2404 60 35 the
868 2402 105 35 other
993 2399 159 40 method,
1172 2399 31 33 is
1224 2396 132 35 known
1376 2396 48 44 by
1444 2395 61 33 the
1527 2394 200 44 signature,
1747 2394 22 32 i.
1792 2403 41 29 e.,
1853 2393 48 43 by
1922 2392 60 33 the
2004 2391 83 32 flats

427 2488 43 24 or
498 2477 131 44 sharps
658 2472 132 46 placed
820 2474 39 30 at
888 2469 60 35 the
978 2468 199 44 beginning
1205 2465 41 33 of
1275 2464 61 33 the
1366 2466 88 31 tune
1486 2462 41 33 of
1557 2462 127 32 strain.
1741 2462 38 31 If
1809 2461 61 32 the
1901 2461 188 43 signature

427 2548 45 34 be
499 2544 159 41 natural,
685 2543 23 33 i.
736 2553 42 29 e.,
804 2539 141 35 neither
972 2538 110 43 sharp
1111 2546 66 22 nor
1206 2533 78 41 flat,
1311 2533 61 33 the
1398 2529 155 49 syllable
1582 2531 38 32 Si
1649 2539 41 24 or
1719 2531 54 31 Mi
1806 2527 217 48 (according
2050 2538 39 23 as

428 2626 51 23 we
504 2625 63 23 use
592 2614 61 32 the
677 2622 66 24 one
767 2608 147 36 method
939 2617 42 22 or
1004 2606 61 33 the
1088 2603 124 44 other)
1244 2602 85 35 falls
1354 2611 46 22 on
1425 2601 60 33 the
1511 2598 110 35 letter
1647 2598 41 34 B.

520 2684 38 32 If
580 2683 60 33 the
665 2679 187 45 signature
875 2677 44 34 be
943 2686 67 24 one
1034 2673 77 40 flat,
1136 2673 30 32 B
1194 2672 33 42 b,
1251 2671 39 34 Si
1313 2682 42 21 or
1378 2670 54 33 Mi
1455 2671 31 31 is
1510 2679 46 24 on
1579 2669 44 32 E.

520 2752 37 32 If
580 2752 60 32 the
662 2747 187 46 signature
871 2746 44 33 be
937 2746 70 32 two
1030 2741 96 41 flats,
1149 2741 30 31 B
1205 2741 20 32 b
1250 2739 72 33 and
1345 2740 31 31 E
1403 2737 33 40 b,
1459 2737 38 33 Si
1519 2747 41 23 or
1582 2736 53 33 Mi
1657 2737 30 33 is
1710 2746 46 22 on
1779 2734 44 35 A.

520 2820 39 32 If
577 2820 60 32 the
659 2815 189 48 signature
867 2815 44 33 be
933 2812 101 35 three
1054 2810 96 41 flats,
1171 2810 30 31 B
1225 2807 32 42 b,
1279 2809 32 31 E
1333 2808 19 31 b
1375 2805 73 36 and
1468 2807 35 32 A
1526 2805 32 39 b,
1578 2806 39 32 Si
1637 2815 42 23 or
1697 2805 54 33 Mi
1772 2806 30 33 is
1825 2813 46 23 on
1891 2804 42 32 D.

521 2889 38 33 If
579 2889 61 33 the
662 2883 189 47 signature
872 2883 44 33 be
939 2881 86 35 four
1046 2879 97 41 flats,
1165 2877 68 41 B6,
1254 2878 32 33 E
1312 2878 32 38 b,
1366 2876 36 35 A
1425 2875 34 40 b,
1480 2876 35 32 D
1539 2875 34 39 b,
1595 2875 40 33 Si
1653 2884 43 23 or
1716 2874 54 32 Mi
1792 2871 30 36 is
1846 2883 46 23 on
1914 2871 43 35 G.

520 2958 39 33 If
579 2957 62 35 the
662 2953 188 47 signature
871 2952 45 33 be
939 2960 45 24 on
1006 2960 67 22 one
1095 2947 123 46 sharp,
1240 2946 39 35 Si
1301 2956 41 22 or
1364 2945 54 34 Mi
1439 2945 30 32 is
1493 2954 46 24 on
1562 2944 30 32 F
1615 2942 122 46 sharp.

521 3025 39 33 If
584 3025 61 33 the
672 3020 188 48 signature
885 3019 47 33 be
955 3019 73 33 two
1054 3015 142 46 sharps,
1223 3014 30 34 F
1279 3013 111 45 sharp
1418 3010 73 36 and
1517 3011 29 36 C
1571 3010 123 46 sharp,
1720 3010 40 35 Si
1786 3018 41 26 or
1852 3007 55 37 Mi
1931 3008 31 38 is
1988 3018 47 25 on
2062 3008 27 34 C

428 3083 125 47 sharp.

2156 439 252 56 MUSIC.
2551 433 349 61 Continued.

2248 597 37 31 If
2307 597 60 33 the
2389 595 190 44 signature
2600 593 43 34 be
2665 593 102 35 three
2788 591 144 46 sharps,
2955 592 28 32 F
3008 589 123 46 sharp,
3152 590 29 33 C
3203 588 111 45 sharp
3338 589 71 32 and
3433 587 31 34 G
3488 587 124 43 sharp,
3634 585 39 33 Si
3696 595 41 23 or
3762 584 52 33 Mi

2157 645 30 32 is
2215 653 45 21 on
2286 642 33 33 G
2344 641 123 44 sharp.

2249 688 37 32 If
2320 688 59 32 the
2415 687 187 43 signature
2637 684 44 35 be
2716 685 86 32 four
2837 682 142 46 sharps,
3015 683 29 32 F
3080 681 123 43 sharp,
3237 680 29 33 C
3301 679 122 43 sharp,
3458 677 33 34 G
3525 677 110 45 sharp
3673 677 72 32 and
3780 676 35 32 D

2158 735 124 44 sharp,
2305 735 37 32 Si
2366 743 42 23 or
2431 733 54 31 Mi
2507 732 31 34 is
2563 742 46 21 on
2633 732 34 31 D
2692 730 123 43 sharp.

2248 782 106 32 THE
2392 779 156 35 VOICE
2585 779 56 32 IN
2678 773 437 39 SINGING—VOCAL
3149 771 220 41 ORGANS,
3403 769 183 42 LUNGS,
3618 768 109 36 ETC.

2248 839 29 32 1.
2302 837 112 34 What
2437 845 133 36 organs
2595 845 61 23 are
2679 831 245 47 particularly
2948 831 116 36 active
3086 830 102 34 when
3210 839 67 25 one
3301 830 119 43 sings?

2248 895 76 34 The
2347 903 133 35 organs
2505 892 115 34 which
2643 901 62 23 are
2726 887 246 49 particularly
2997 888 116 34 active
3137 888 39 32 in
3200 886 146 45 singing
3370 896 62 22 are
3456 885 62 32 the
3542 884 106 33 vocal
3672 891 143 36 organs.

2248 953 31 31 2.
2304 951 111 33 What
2435 950 92 33 have
2552 949 58 32 the
2638 948 104 44 lungs
2767 950 39 30 to
2832 946 46 32 do
2903 945 86 34 with
3015 947 40 37 it,
3081 945 72 33 and
3177 943 78 33 how
3281 952 61 23 are
3368 942 85 45 they
3478 938 204 46 arranged?

2250 1009 71 32 The
2345 1008 104 43 lungs
2470 1007 76 32 into
2567 1005 125 40 which,
2715 1005 72 32 and
2809 1006 64 31 out
2894 1005 41 31 of
2956 1003 124 39 which,
3101 1002 60 33 the
3183 1000 130 33 breath
3333 1010 125 34 passes
3480 1009 62 22 are
3564 1000 70 30 two
3656 996 37 33 in
3714 1006 85 23 num­

2158 1068 76 39 ber,
2257 1067 72 32 and
2351 1065 108 45 being
2481 1061 289 49 sponge-like»in
2794 1062 94 33 their
2911 1061 198 39 structure,
3132 1068 82 34 may
3239 1057 45 34 be
3305 1054 195 48 expanded
3524 1065 41 22 or
3588 1052 230 46 compressed

2158 1121 234 46 accordingly
2415 1132 39 22 as
2478 1120 85 46 they
2586 1130 63 23 are
2671 1117 151 36 inflated
2847 1128 40 22 or
2913 1116 170 45 emptied.

2247 1183 32 30 3.
2304 1180 112 34 What
2446 1179 177 45 proceeds
2655 1177 98 34 from
2784 1176 61 33 the
2878 1175 107 44 lungs
3017 1172 195 44 upwards?

2252 1238 108 32 From
2389 1237 88 32 each
2505 1236 89 44 lung
2624 1234 100 34 there
2751 1231 176 48 proceeds
2957 1229 153 47 upward
3141 1239 21 21 a
3192 1227 104 34 small
3325 1226 98 34 tube.
3475 1226 115 34 These
3619 1224 107 35 tubes
3758 1233 62 23 are

2161 1294 117 34 called
2305 1295 60 32 the
2392 1292 150 33 bronchi
2571 1302 41 22 or
2639 1288 188 35 bronchial
2855 1286 115 35 tubes.

2249 1353 32 30 4.
2304 1349 114 35 What
2445 1360 62 22 are
2532 1348 62 33 the
2619 1347 150 34 bronchi
2799 1355 40 22 or
2866 1343 188 34 bronchial
3081 1341 128 35 tubes?

2251 1408 74 32 The
2359 1406 148 34 bronchi
2544 1416 60 21 are
2640 1401 193 46 composed
2868 1401 41 32 of
2945 1411 21 21 a
2999 1399 152 33 number
3187 1398 41 32 of
3262 1395 262 45 cartilaginous
3560 1395 99 43 rings
3696 1392 124 41 which,

2161 1466 103 43 lying
2302 1475 66 22 one
2408 1463 113 33 above
2559 1460 163 38 another,
2760 1469 61 23 are
2860 1457 197 34 connected
3096 1457 49 43 by
3183 1467 20 20 a
3243 1455 254 33 membranous
3538 1452 171 44 covering
3747 1448 71 33 and

2163 1523 162 43 forming
2360 1532 21 21 a
2418 1519 113 45 single
2568 1519 89 32 tube
2693 1517 116 33 called
2846 1516 61 32 the
2943 1513 194 46 windpipe.
3187 1512 75 33 The
3299 1511 183 43 windpipe
3520 1510 29 32 is
3587 1507 233 34 constructed

2164 1600 178 43 similarly
2371 1601 39 31 to
2443 1598 60 32 the
2536 1595 161 39 bronchi,
2730 1594 68 33 but
2830 1594 29 31 is
2892 1590 135 46 larger,
3060 1590 47 34 its
3143 1588 178 34 diameter
3353 1591 37 30 in
3425 1586 123 35 adults
3580 1585 110 44 being
3724 1584 109 32 from*

2165 1679 165 33 one-half
2358 1680 39 31 to
2426 1675 268 36 three-fourths
2725 1674 40 32 of
2796 1684 46 21 an
2873 1672 81 32 inch
2984 1670 73 31 and
3085 1669 48 34 its
3163 1668 126 44 length
3307 1667 126 34 .about
3463 1666 86 33 four
3579 1664 131 33 inches.
3766 1664 57 33 On

2165 1760 61 32 the
2247 1769 120 33 upper
2387 1756 70 33 end
2477 1757 43 31 of
2537 1756 62 32 the
2620 1754 185 44 windpipe
2826 1753 30 33 is
2880 1750 172 34 attached
3072 1748 98 34 what
3189 1748 33 35 is
3243 1746 117 34 called
3381 1746 61 33 the
3463 1747 141 41 larynx.

2255 1839 31 30 5.
2310 1835 112 34 What
2443 1837 30 32 is
2494 1833 60 33 the
2577 1832 149 43 larynx?

2258 1917 37 32 It
2321 1916 31 33 is
2378 1912 283 47 pre-eminently
2689 1910 62 32 the
2777 1919 119 34 organ
2922 1907 43 34 of
2992 1906 62 34 the
3082 1905 111 35 voice.
3245 1904 38 34 It
3311 1902 167 45 enlarges
3509 1900 154 45 upward
3694 1898 72 33 and
3795 1899 31 32 is

2168 1995 193 44 composed
2386 1994 40 31 of
2451 1993 145 32 various
2622 1989 194 45 cartilages
2844 1989 72 31 and
2942 1986 106 34 acted
3075 1995 98 34 upon
3198 1985 48 42 by
3270 1992 194 23 numerous
3490 1979 164 36 muscles.
3682 1979 146 43 Among

2169 2064 100 33 these
2293 2060 196 46 cartilages
2515 2060 31 32 is
2574 2058 60 33 the
2658 2057 160 43 thyroid,
2843 2055 114 32 which
2984 2055 116 31 forms
3126 2053 61 31 the
3214 2049 226 48 proberance
3467 2048 204 45 commonly
3696 2048 132 32 known

2170 2143 39 22 as
2240 2129 151 35 Adam’s
2424 2126 119 46 apple.
2598 2124 139 34 Within
2769 2133 61 23 are
2861 2125 71 29 two
2964 2121 205 43 ligaments,
3201 2117 115 35 called
3348 2118 60 33 the
3438 2117 102 31 vocal
3573 2114 129 34 chords
3733 2124 79 23 com­

2169 2203 63 43 ing
2251 2198 167 45 together
2438 2194 206 46 something
2662 2193 71 32 like
2753 2191 203 44 lips—may
2974 2190 45 31 be
3038 2187 143 45 opened
3200 2198 42 22 or
3262 2185 122 34 closed
3405 2188 39 30 at
3463 2184 83 33 will.
3590 2184 45 32 In
3654 2180 176 45 ordinary

2169 2268 194 44 breathing
2390 2265 85 43 they
2502 2263 138 33 remain
2668 2258 196 46 separated
2880 2257 98 43 .long
3005 2256 142 44 enough
3172 2257 41 29 to
3240 2254 104 33 allow
3371 2253 60 32 the
3458 2251 129 34 breath
3614 2254 37 31 to
3679 2260 86 34 pass
3793 2248 38 34 in

2171 2336 140 35 silence.
2357 2333 117 34 When
2499 2331 146 44 singing
2668 2329 85 44 they
2776 2327 146 32 become
2946 2325 120 33 closed
3093 2324 72 32 and
3191 2321 183 35 stretched
3398 2319 197 36 somewhat
3619 2330 40 23 so
3683 2318 82 34 that
3790 2326 40 24 as

2171 2406 59 33 the
2253 2403 127 32 breath
2398 2401 31 32 is
2447 2399 131 43 forced
2597 2396 157 44 through
2772 2395 28 32 it
2823 2394 159 43 compels
3003 2393 96 31 them
3121 2395 35 29 to
3177 2390 140 34 vibrate
3339 2390 73 32 and
3431 2388 161 44 produce
3613 2385 128 35 sound.

2261 2474 30 31 6.
2320 2469 106 35 What
2450 2470 32 31 is
2505 2467 59 33 the
2588 2463 139 45 glottis,
2751 2474 41 21 or
2814 2462 105 33 vocal
2942 2460 151 33 chords?

2262 2539 74 33 The
2363 2537 158 45 opening
2548 2532 163 35 between
2738 2532 61 32 the
2828 2530 101 32 vocal
2959 2528 129 33 chords
3117 2528 29 31 is
3174 2525 116 34 called
3319 2526 61 31 the
3408 2523 137 45 glottis.
3596 2523 53 33 At
3676 2521 60 34 the
3765 2522 66 42 top

2171 2610 41 32 of
2237 2607 60 35 the
2323 2604 129 45 larynx
2477 2603 29 34 is
2534 2613 21 21 a
2581 2597 291 48 tongue-shaped
2900 2597 83 43 ring
3008 2594 116 35 called
3151 2594 60 34 the
3235 2590 213 46 epilglottis.

2264 2677 29 32 7.
2321 2673 107 34 What
2453 2670 86 34 does
2565 2670 58 31 the
2649 2665 188 47 epiglottis
2862 2664 68 32 do?

2265 2745 36 32 It
2326 2742 172 46 prevents
2525 2738 61 33 the
2613 2737 174 33 entrance
2814 2734 41 33 of
2882 2731 88 33 food
2996 2741 42 22 or
3065 2728 118 35 drink.

2264 2814 30 32 8.
2322 2809 107 35 What
2456 2808 31 33 is
2514 2818 22 22 a
2565 2805 99 33 third
2690 2802 188 46 pharynx?

2264 2881 37 34 It
2325 2882 30 31 is
2380 2878 63 35 the
2469 2875 121 46 cavity
2616 2872 112 34 which
2755 2880 85 35 may
2865 2869 45 33 be
2938 2879 84 24 seen
3049 2870 40 30 at
3115 2866 60 33 the
3201 2863 94 36 back
3322 2863 41 34 of
3388 2862 61 35 the
3475 2861 136 41 throat,
3636 2858 200 46 extending

2176 2951 96 36 from
2302 2950 59 33 the
2392 2946 84 35 roof
2506 2944 41 34 of
2575 2943 61 33 the
2664 2940 127 36 mouth
2820 2935 219 37 downward.
3091 2935 79 34 One
3200 2942 67 25 can
3295 2930 147 36 distend
3470 2942 43 21 or
3541 2930 167 37 contract
3735 2931 32 35 it
3795 2928 41 36 at

2171 3018 170 48 pleasure
2367 3025 38 27 so
2429 3025 40 25 as
2492 3016 39 32 to
2555 3009 143 48 modify
2721 3008 62 33 the
2809 3006 117 35 sound
2949 3003 114 37 which
3086 2998 177 54 proceeds
3287 2999 98 35 from
3407 2999 61 33 the
3495 2998 139 45 larynx.
