4043 3456
501 449 73 50 54

1888 400 345 67 GEORGIA.
2303 402 64 52 C.
2404 396 83 60 M.

1090 527 18 13 “
1117 525 124 28 Return
1252 523 80 28 unto
1344 528 63 25 me,
1420 519 66 27 and
1497 518 16 27 I
1525 515 69 29 will
1607 517 113 26 return
1732 514 81 27 unto
1825 518 72 28 you,
1912 508 86 29 saith
2011 506 56 30 the
2079 504 86 34 Lord
2176 502 36 31 of
2222 502 103 30 hosts.
2363 501 60 30 But
2434 506 41 30 ye
2488 497 81 34 said,
2583 493 154 32 Wherein
2750 489 86 36 shall
2849 499 50 22 we
2912 492 112 28 return
3032 488 161 32 ?”—Mal.
3207 488 17 26 3
3234 494 8 19 :
3258 485 27 29 8.

589 569 86 44 Key
697 566 43 37 of
763 565 35 40 K
817 562 136 37 Minor.

707 1035 169 57 Re-turn,
893 1040 40 36 O
961 1036 86 40 God
1175 1035 38 36 of
1243 1032 96 47 love,
1357 1042 37 25 re
1426 1051 17 7 -
1487 1031 99 41 turn,
1604 1026 114 38 Earth
1736 1025 31 36 is
1801 1035 22 25 a
1882 1025 67 34 tire
1976 1040 9 6 -
2002 1029 102 28 some
2124 1015 110 49 place;
2257 1014 95 38 How
2368 1009 86 50 long
2471 1009 95 39 shall
2642 1018 70 34 we,
2740 1004 85 45 Thy
2856 1003 188 45 chil-dren,
3065 1010 127 27 mourn
3210 996 83 39 Our
3310 988 169 50 ab-sence
3494 993 94 37 from
3630 988 85 47 Thy
3730 988 103 38 face?

605 1519 92 39 This
713 1518 89 41 tune
817 1524 153 37 appears
987 1515 36 34 in
1043 1511 24 17 “
1081 1508 182 41 Southern
1283 1502 231 52 Harmony,”
1533 1503 50 44 by
1601 1500 166 46 Walker,
1790 1499 95 45 1835.
1905 1506 92 36 page
2015 1505 62 35 72;
2107 1492 24 19 “
2147 1491 170 40 Missouri
2337 1483 231 54 Harmony,”
2592 1486 97 43 1837,
2707 1491 92 38 page
2817 1483 54 35 28.
2922 1479 80 36 The
3019 1475 131 40 author
3167 1477 36 34 of
3219 1474 63 37 the
3299 1470 120 39 words
3433 1479 68 27 can
3520 1471 62 34 not
3602 1467 41 36 be
3660 1460 127 45 found.

1814 1602 347 64 IMANDRA
2197 1598 206 70 (New),
2479 1611 104 38 ns.

1627 1714 19 13 “
1656 1714 50 25 He
1718 1712 72 26 that
1802 1708 109 29 loveth
1925 1709 58 25 not
1995 1704 52 30 his
2059 1703 134 29 brother
2204 1700 133 31 abideth
2350 1701 34 26 in
2398 1694 259 43 death.”-JOHN
2676 1697 16 26 3
2706 1703 6 20 :
2731 1694 41 29 14.
3176 1723 25 16 ,<
3362 1714 189 41 Selection
3570 1714 21 18 ”
3615 1719 99 39 page
3740 1711 75 36 196.

607 1764 84 44 Key
713 1761 41 36 of
777 1761 33 35 F
832 1757 140 49 Major.
3554 1742 9 14 ’

749 2234 188 48 Farewell,
956 2244 63 35 my
1035 2233 83 37 dear
1136 2228 182 49 brethren,
1336 2228 63 38 the
1414 2226 88 39 time
1519 2227 30 34 is
1568 2228 37 34 at
1622 2222 113 46 hand,
2356 2210 82 40 Our
2457 2208 139 39 several
2615 2205 264 47 engagements
2898 2212 82 26 now
2999 2200 64 37 call
3081 2209 45 26 us
3144 2207 121 34 away.

1506 2270 124 40 When
1646 2278 57 27 we
1719 2269 101 36 must
1834 2265 46 38 be
1894 2260 142 50 part-ed
2050 2262 95 36 from
2160 2258 77 39 this
2254 2257 110 38 social
2381 2255 109 42 band;
3030 2250 83 31 Uur
3128 2249 145 38 parting
3291 2251 31 25 is

3341 2229 144 53 needful
3504 2236 71 36 and
3593 2245 56 24 we
3668 2233 99 36 must
3784 2231 107 43 obey.

2618 2727 25 13 ,,
2877 2724 18 16 o
2906 2697 4 4 '
2991 2719 26 16 <<
3029 2720 23 21 c
3304 2715 24 16 ”
3347 2713 50 40 bv
3416 2710 125 40 White
3560 2707 70 38 and
3656 2706 111 45 King,
3789 2707 85 41 1844
3888 2707 33 34 to

622 2761 93 39 This
740 2762 89 35 tune
847 2759 30 35 is
901 2756 112 40 taken
1031 2755 91 36 from
1144 2752 23 18 “
1183 2748 160 41 Dover’s
1369 2743 241 50 Selections,”
1629 2755 93 35 page
1752 2754 73 34 192,
1844 2741 71 36 and
1940 2737 141 46 printed
2107 2737 34 35 in
2162 2732 218 41 “Southern
2410 2729 202 45 Harmony,
2662 2737 92 35 page
2781 2735 54 34 34,
2858 2724 102 44 1835;
3029 2722 132 34 sacred
3187 2722 112 38 Harp,

533 2807 94 45 1869.
685 2805 104 39 None
806 2804 38 37 of
859 2802 64 39 the
939 2800 116 47 hymn
1074 2797 117 40 books
1209 2798 36 34 in
1263 2794 75 40 this
1356 2793 136 38 section
1511 2792 105 37 show
1632 2790 85 37 who
1734 2784 195 49 composed
1943 2784 64 36 the
2024 2781 133 38 words.
2208 2779 82 38 Alto
2309 2778 49 45 by
2374 2778 39 34 S.
2435 2779 51 34 M.
2508 2778 166 40 Denson,
2696 2780 97 34 1911.
