3988 3440
372 535 187 41 Edmond
579 536 141 44 Jones,
741 533 98 35 1750.
889 532 84 43 Key
992 530 44 36 of
1048 530 33 36 E
1098 527 137 35 Minor.

1607 382 443 57 INVITATION.
2123 385 62 47 C.
2213 381 81 52 M.

1595 488 83 28 “We
1696 486 68 27 will
1781 493 91 20 serve
1890 485 57 27 the
1964 478 247 40 Eord.”—Josh.
2225 479 44 27 24:
2287 477 41 28 15.

3594 383 58 45 4»

3058 502 161 39 Oliver
3242 501 208 42 Bronson,
3470 499 99 36 1783.

391 845 27 25 i.
447 830 133 47 Come,
592 828 161 39 hum-ble
816 827 55 36 sin
890 845 13 7 -
921 834 74 36 ner,
1015 824 35 38 in
1075 823 127 37 whose
1220 821 120 37 breast
1388 820 30 35 A
1457 817 199 39 thou-sand
1668 816 179 44 thoughts
1862 813 158 45 revolve,
2036 809 132 46 Come,
2183 811 88 35 with
2284 817 91 35 your
2389 810 91 41 guilt
2493 810 71 31 and
2580 810 77 29 tear
2673 807 296 39 oppressed,Ana
2983 807 106 28 matte
3113 809 73 23 mis
3249 809 71 23 last
3333 808 171 31 ie-suivc,
3521 810 81 19 «uu

388 1171 32 25 2.
450 1158 51 37 I’ll
617 1168 44 32 go
708 1159 37 33 to
832 1153 42 35 Je
892 1172 11 6 -
922 1161 77 36 sus,
1011 1149 141 46 though
1173 1159 61 33 my
1247 1148 56 35 sin
1368 1146 97 36 Hath
1485 1145 71 35 like
1603 1156 21 23 a
1642 1142 200 37 moun-tain
1876 1151 101 34 rose;
2068 1138 10 35 I
2111 1136 112 37 know
2236 1135 66 35 His
2313 1134 133 45 courts,
2462 1132 52 35 I’ll
2561 1141 43 25 en
2632 1147 11 8 -
2659 1132 54 33 ter
2760 1129 49 41 in,
2824 1123 202 43 What-ev

3124 1133 35 25 er
3231 1131 84 34 may
3331 1132 44 31 op
3388 1139 13 6 -
3417 1129 101 33 pose,
3526 1117 131 41 What-

438 1870 108 35 make
591 1867 76 35 this
728 1865 72 36 last
837 1875 36 23 re
886 1882 12 6 -
910 1860 113 47 solve,
1041 1858 134 45 Come,
1206 1859 91 37 with
1308 1867 92 34 your
1416 1856 92 44 guilt
1552 1854 73 37 and
1669 1855 79 34 fear
1807 1849 224 47 op-pressed,
2045 1848 82 35 And
2144 1846 108 37 make
2349 1844 75 36 this
2449 1843 72 35 last
2558 1852 36 24 re
2619 1860 12 6 -
2655 1839 117 44 solve,
2786 1837 82 37 And
2894 1837 107 37 make
3016 1836 76 37 this
3154 1835 72 37 last
3256 1845 36 25 re
3316 1853 13 6 -
3353 1833 103 36 solve

440 2208 46 25 ev
547 2214 14 6 -
621 2203 38 25 er
720 2202 86 32 may
836 2198 162 36 op-nose,
1095 2186 11 35 I
1199 2184 113 37 know
1330 2183 67 36 His
1413 2184 134 41 courts,
1570 2181 53 34 I’ll
1699 2191 44 23 en
1769 2198 11 6 -
1804 2181 54 34 ter
1942 2177 50 42 in,
2040 2174 178 39 What-ev

2371 2181 37 24 er
2447 2181 86 31 may
2549 2179 45 31 op
2619 2187 12 6 -
2656 2176 100 34 pose,
2775 2163 180 39 What-ev
2987 2180 14 8 -
3040 2174 36 24 er
3139 2171 86 33 may
3256 2170 45 33 op
3326 2180 11 5 -
3356 2170 98 33 pose.

384 2522 167 41 Edmond
577 2520 113 38 Jones
714 2530 79 26 was
817 2528 47 25 an
890 2514 155 47 English
1079 2512 145 44 Baptist
1248 2510 175 44 minister,
1442 2508 89 38 born
1556 2508 36 36 in
1621 2517 97 34 1721,
1751 2505 72 36 and
1848 2502 80 38 died
1952 2503 36 34 in
2017 2501 95 43 1765.
2163 2499 55 36 He
2242 2495 192 47 composed
2459 2494 139 37 several
2625 2492 195 46 important
2849 2488 152 46 hymns,
3035 2498 67 27 one
3136 2488 37 34 of
3198 2486 57 35 his
3289 2485 80 38 best
3381 2485 53 43 Js
3469 2484 61 36 the
3555 2482 116 38 above

386 2637 79 38 The
488 2635 118 37 above
628 2635 88 36 tune
740 2642 79 26 was
842 2626 193 48 composed
1058 2627 50 44 by
1131 2623 131 39 Oliver
1285 2623 182 43 Bronson,
1486 2620 209 38 sometimes
1718 2618 112 36 called
1856 2615 182 37 Brunson.
2089 2612 55 37 He
2167 2610 192 44 composed
2383 2620 22 24 a
2429 2606 97 38 book
2550 2603 147 39 entitled
2723 2603 23 17 “
2763 2601 118 37 Select
2899 2599 124 39 Tunes
3040 2599 72 36 and
3130 2594 224 43 Anthems.”
3404 2596 144 44 Among
3566 2595 108 37 those

297 2694 81 38 that
402 2695 46 36 he
471 2690 193 47 published
682 2688 30 37 is
739 2683 279 48 “Invitation,”
1046 2675 284 50 “Jerusalem,”
1356 2680 71 35 and
1453 2676 24 19 “
1493 2674 205 47 Virginia,”
1717 2674 71 36 and
1815 2682 111 35 many
1950 2670 102 38 other
2076 2671 122 41 tunes,
2218 2667 96 35 since
2344 2665 93 42 1780.
2489 2662 54 36 He
2568 2660 132 45 taught
2726 2659 113 36 music
2865 2657 34 35 in
2925 2656 147 37 various
3097 2657 99 41 parts
3222 2653 36 36 of
3286 2652 90 39 New
3404 2651 180 47 England,
3604 2651 71 35 and

297 2745 191 52 composed
513 2756 100 28 some
637 2743 110 41 select
771 2742 113 37 music
909 2740 36 36 in
970 2735 160 47 addition
1153 2739 38 33 to
1215 2735 63 38 the
1302 2732 277 40 above-named.
1631 2731 54 36 He
1708 2727 195 47 composed
1927 2739 23 24 a
1972 2725 98 37 book
2092 2722 112 40 called
2230 2720 156 37 “Select
2409 2716 231 47 Harmony.”
2688 2713 70 40 See
2782 2711 254 47 encyclopedia
3058 2711 39 36 of
3122 2708 99 37 John
3246 2706 64 43 W.
3330 2708 136 41 Moore,
