4012 3464
370 443 76 63 64
1596 433 446 61 NASHVILLE.
2114 437 90 59 8s,
2244 438 88 59 8s,
2370 440 50 49 &
2460 439 88 52 6s.

1152 528 119 26 “Thou
1283 528 88 27 shalt
1383 528 41 27 be
1436 527 68 28 like
1517 535 19 18 a
1549 526 141 28 watered
1703 526 132 34 garden,
1849 526 65 28 and
1927 526 69 29 like
2007 535 20 19 a
2039 525 116 36 spring
2166 526 35 27 of
2213 527 110 32 water,
2337 527 111 28 whose
2460 529 118 26 waters
2588 527 59 27 fail
2661 529 194 27 not.”—Isa.
2869 528 33 28 58
2915 537 7 19 i
2940 530 41 26 11,

453 596 226 46 Jeremiah
704 595 191 42 Ingalls,
924 593 94 40 1800.
1069 596 234 41 Campbell,
1331 593 216 41 translator,
1575 594 98 34 1804.
1724 596 87 42 Key
1836 595 45 34 of
1900 598 32 30 A
1956 592 138 48 Major.

3108 601 221 44 Jeremiah
3353 600 191 44 Ingalls,
3573 603 97 35 1800.

576 868 28 27 1.
632 856 80 38 The
731 856 92 37 Lord
842 859 34 34 in
902 877 13 5 -
939 858 36 35 to
1034 856 66 37 His
1118 868 64 32 gar
1196 876 13 5 -
1223 857 67 36 den
1308 867 114 33 come,
1441 855 80 36 The
1539 855 53 44 spi
1605 866 82 25 -ces
1706 857 93 42 yield
1816 856 92 38 their
1926 856 72 37 rich
2017 856 211 46 per-fumes,
2250 856 78 38 The
2347 858 131 44 spi-ces
2496 858 94 44 yield
2607 858 94 36 their
2720 860 72 35 rich
2812 859 215 46 per-fumes,
3048 858 78 42 The
3145 861 34 35 lil
3204 884 12 5 -
3243 861 50 37 ies
3338 873 102 33 grow
3457 863 71 35 and
3545 865 131 43 thrive;

573 912 31 27 2.
634 901 38 37 O
719 903 81 35 that
816 903 74 35 this
919 900 66 46 dry
1024 903 72 35 and
1115 901 63 36 bar
1194 921 14 5 -
1221 911 61 26 ren
1301 900 140 45 ground
1459 901 37 34 In
1515 901 145 43 springs
1678 901 37 34 of
1732 912 58 24 wa
1803 921 13 5 -
1829 903 53 33 ter
1915 911 85 35 may
2046 901 173 45 a-bound,
2242 902 37 36 In
2298 903 146 44 springs
2461 904 38 35 of
2515 914 58 24 wa
2599 922 13 5 -
2636 906 54 33 ter
2715 914 85 34 may
2838 914 22 25 a
2873 922 12 7 -
2905 903 133 45 bound,
3060 904 30 38 A
3130 907 155 36 fruit-ful
3327 909 66 34 soil
3468 908 42 35 be
3525 927 12 6 -
3554 919 110 34 come;

570 1426 31 34 3.
629 1412 132 44 Come,
781 1411 196 45 breth-ren,
996 1422 46 35 ye
1059 1413 82 36 that
1158 1412 80 36 love
1255 1413 63 35 the
1337 1412 107 41 Lord,
1465 1410 100 40 Who
1582 1413 96 36 taste
1694 1413 63 36 the
1775 1415 216 35 sweet-ness
2009 1413 38 36 of
2066 1413 67 36 His
2151 1414 112 41 word,
2288 1413 98 40 Who
2404 1418 95 34 taste
2516 1415 62 36 the
2596 1417 217 34 sweet-ness
2831 1414 38 36 of
2887 1415 67 35 His
2971 1413 112 47 word,
3107 1417 38 35 In
3166 1417 139 36 Je-sus’
3323 1430 105 33 ways
3461 1430 45 33 go
3568 1431 58 32 on;

569 1469 31 33 4.
634 1458 77 35 The
729 1458 173 43 glo-rious
919 1456 85 39 time
1045 1458 30 35 is
1116 1457 62 35 roll
1196 1476 12 6 -
1226 1458 61 42 ing
1327 1467 60 32 on,
1418 1456 80 36 The
1516 1457 183 44 gra-cious
1717 1458 103 34 work
1838 1457 30 36 is
1902 1468 84 26 now
2026 1458 42 36 be
2088 1477 14 5 -
2125 1469 89 32 gun,
2234 1458 79 35 The
2331 1458 180 45 gra-cious
2528 1460 104 34 work
2650 1460 30 34 is
2711 1469 83 26 now
2841 1460 43 35 be
2902 1479 15 6 -
2934 1470 89 35 gun,
3044 1460 65 46 My
3141 1462 79 35 soul
3253 1474 21 24 a
3336 1466 64 34 wit
3414 1482 11 6 -
3440 1474 86 26 ness
3578 1465 41 43 is;

3455 1792 18 31 1
3639 1795 22 29 2

590 2003 165 39 Re-fresh
771 2023 13 4 -
796 2003 62 44 ing
876 2001 158 40 show’rs
1052 2004 38 34 of
1107 2014 104 33 grace
1228 2003 137 36 di-vine
1384 2002 105 36 From
1510 2001 42 36 Je
1568 2020 10 7 ■
1593 2012 64 24 sus
1674 2003 106 36 flows
1808 2006 37 33 to
1886 2014 46 24 ev
1956 2022 12 6 -
1997 2003 54 43 ’ry
2068 2003 100 41 vine,
2189 2003 106 36 From
2316 2003 44 38 Je
2375 2015 88 26 -sus
2481 2005 104 34 flows
2602 2007 37 33 to
2696 2015 46 24 ev
2756 2023 12 6 -
2784 2007 55 41 ’ry
2870 2006 99 42 vine,
2991 2002 134 45 Which
3146 2007 107 36 make
3270 2008 62 35 the
3350 2008 89 36 dead
3458 2008 152 37 re-vive.

593 2048 77 37 The
688 2049 63 34 des
767 2067 14 5 -
799 2050 53 34 ert
884 2045 196 41 blos-soms
1097 2058 41 25 as
1184 2048 63 36 the
1287 2058 93 33 rose,
1402 2046 122 39 While
1544 2046 126 35 Je-sus
1688 2057 190 33 con-quers
1895 2047 46 36 all
1983 2048 67 35 His
2068 2048 93 43 foes,
2183 2048 123 39 While
2326 2048 125 38 Je-sus
2483 2058 194 34 con-quers
2695 2049 46 35 all
2775 2049 67 36 His
2875 2050 93 43 foes,
2989 2049 81 38 And
3090 2051 127 36 makes
3236 2052 67 35 His
3321 2053 141 43 peo-ple
3524 2064 80 25 one.

3452 2098 18 30 1
3635 2100 22 29 2

3454 2348 18 30 1
3640 2350 22 29 2

587 2559 82 37 Our
684 2558 176 38 trou-bles
877 2558 72 35 and
981 2568 64 26 our
1090 2559 43 36 tri
1161 2578 12 6 -
1190 2559 54 35 als
1284 2559 84 34 here
1386 2558 88 37 Will
1492 2567 45 25 on
1570 2575 14 5 -
1609 2556 37 43 ly
1679 2556 107 36 make
1804 2568 44 25 us
1866 2558 72 36 rich
1965 2577 14 7 -
2002 2569 37 25 er
2056 2559 115 43 there,
2191 2559 87 37 Will
2296 2570 46 26 on
2369 2579 12 6 -
2406 2561 38 43 ly
2461 2560 107 36 make
2602 2570 44 24 us
2672 2559 72 36 rich
2764 2579 11 6 -
2793 2571 36 24 er
2846 2561 115 42 there,
2984 2560 122 41 When
3124 2572 56 27 we
3197 2563 152 37 ar-rive
3367 2566 38 34 at
3455 2563 119 36 home.
3600 2565 120 37 home.

585 2606 12 35 I
645 2606 95 35 taste
778 2602 73 37 and
883 2613 61 25 see
975 2602 62 37 the
1077 2613 64 33 par
1154 2622 13 5 -
1185 2603 70 35 don
1283 2603 74 35 free
1391 2602 69 35 For
1486 2602 46 35 all
1573 2598 192 40 man-kind
1797 2612 43 25 as
1857 2603 81 35 well
1986 2614 41 25 as
2068 2615 70 32 me,
2182 2602 68 36 For
2283 2604 45 35 all
2369 2603 192 37 man-kind
2601 2614 42 25 as
2660 2604 80 36 well
2773 2615 42 25 as
2879 2615 69 33 me,
2970 2605 99 39 Who
3086 2616 100 26 come
3202 2608 38 34 to
3259 2606 133 38 Christ
3409 2618 86 33 may
3513 2609 83 35 live.
3624 2609 85 37 live.

3453 2653 18 29 1
3636 2655 22 29 2

451 2868 92 35 This
560 2876 79 27 was
657 2864 190 45 originally
862 2864 111 36 called
992 2863 23 17 “
1030 2862 149 40 Garden
1207 2862 168 46 Hymn.”
1427 2863 28 37 It
1480 2863 30 36 is
1535 2862 209 40 sometimes
1768 2865 155 35 credited
1947 2868 37 34 to
2004 2865 160 39 William
2190 2863 207 48 Campbell,
2417 2867 131 36 author
2572 2866 37 36 of
2628 2864 23 18 “
2667 2863 172 39 Glorious
2865 2865 111 45 Light
3000 2866 38 36 of
3064 2865 133 46 Zion,”
3218 2865 26 18 “
3257 2867 118 37 There
3400 2868 31 37 is
3456 2880 20 25 a
3503 2870 97 43 Holy
3618 2869 138 46 City,”

359 2911 25 19 “
400 2911 118 37 There
537 2912 31 35 is
587 2921 21 26 a
626 2909 102 36 Land
745 2910 37 35 of
802 2909 209 38 Pleasure.”

495 2955 181 37 Jeremiah
704 2953 133 45 Ingalls
855 2964 77 27 was
958 2954 87 36 born
1073 2954 35 35 in
1138 2955 82 41 1764
1244 2954 72 35 and
1342 2953 79 36 died
1447 2954 35 34 in
1511 2955 94 35 1828.
1658 2953 53 37 He
1736 2965 79 25 was
1839 2955 62 36 the
1926 2954 131 37 author
2081 2956 37 35 of
2142 2956 140 36 several
2308 2955 151 45 hymns,
2478 2966 41 25 as
2544 2956 81 36 well
2650 2967 42 25 as
2717 2965 186 35 composer
2920 2956 37 35 of
2981 2966 22 26 a
3027 2961 102 40 great
3153 2956 78 38 deal
3256 2958 38 36 of
3319 2958 127 44 music,
3465 2959 72 35 and
3562 2959 194 45 published

358 3001 142 40 several
517 3000 168 37 volumes
702 2999 38 35 of
757 2998 126 37 music.
934 2998 55 36 He
1005 3009 79 27 was
1101 3010 47 24 an
1166 2999 202 35 American.
1819 3009 187 35 Copyright,
2021 3011 75 30 1008,
2110 3010 44 34 by
2164 3012 28 33 j.
2206 3011 31 27 s.
2249 3011 117 35 James.
