3988 3425
328 394 152 42 Toseph
506 402 133 40 Hart,
668 400 98 34 1759.
816 403 84 41 Key
925 402 44 34 of
987 403 31 31 A
1044 399 135 47 Major.

1529 335 243 54 BEACH
1813 338 290 55 SPRING.
2178 339 53 58 8,
2272 355 54 48 7.

1522 413 17 12 “
1550 416 50 23 He
1611 412 105 35 freely
1728 412 90 38 gives
1830 422 38 19 us
1880 415 45 26 all
1938 414 267 35 things.”—Rom.
2219 418 16 24 8
2248 426 6 18 :
2272 418 42 27 32.

3563 354 62 46 8f

341 631 17 37 f
372 630 133 43 Come,
519 642 45 32 ye
578 632 156 42 sinners,
748 641 87 33 poor
848 632 72 35 and
934 632 129 41 needy,
1080 630 122 38 Weak
1219 631 72 37 and
1308 633 276 40 wounded,sick
1601 634 71 35 and
1690 637 121 37 sore,)
1834 658 30 15 t,
1921 658 7 7 •
2096 660 13 14 T
2117 659 10 11 .
2170 660 6 7 .
2253 659 33 15 ,,
2344 659 30 17 rJ
2415 660 9 17 :
2502 661 44 10 ....
2645 661 8 10 ,
2707 661 33 12 >,
2943 665 32 15 n
3011 664 8 16 :
3077 664 31 17 ui
3160 665 31 17 u
3232 667 8 16 .•
3318 666 32 16 1.1
3405 666 32 15 „
3478 667 7 7 •

311 680 7 8 ’
342 673 15 40 I
507 676 125 37 Je-sus
650 676 110 43 ready
777 676 129 36 stands
922 677 37 36 to
978 686 89 25 save
1085 686 86 33 you,
1192 675 78 37 Full
1288 678 38 34 of
1342 676 106 46 pit-y,
1467 677 81 35 love
1565 679 72 34 and
1654 681 126 42 pow’r.
1802 683 11 35 /
1920 668 30 25 ls
1968 670 21 24 a
1992 658 35 36 ‘^
2044 670 17 24 e
2067 686 8 13 ’
2167 668 31 27 ls
2215 670 21 24 a
2239 659 84 44 ’ble>
2344 660 54 36 He
2416 670 30 26 is
2463 660 151 45 willing,
2633 661 113 38 doubt
2763 674 46 23 no
2828 674 96 25 more
2943 665 54 35 He
3011 674 30 24 is
3052 663 92 43 able,
3159 665 55 35 He
3232 676 30 26 is
3280 667 107 43 a-ble,
3404 667 55 35 He
3477 677 30 26 is
3525 668 88 37 will-

339 721 13 34 f
435 720 67 37 Let
518 722 65 35 not
593 721 209 35 conscience
820 721 108 36 make
944 729 74 35 you
1033 720 128 43 linger,
1182 720 74 37 Nor
1271 723 38 34 of
1324 721 145 37 fit-ness
1484 722 145 44 fond-ly
1644 723 135 45 dream,
1794 710 16 49 i
1828 724 93 36 This
1938 724 56 36 He
2010 726 106 43 gives
2133 736 86 34 you,
2330 725 78 37 ’Tis
2421 727 63 36 the
2498 725 145 47 Spirit’s
2660 728 114 45 rising
2792 729 215 46 beam,This
3027 730 55 36 He
3098 731 105 44 gives
3220 744 86 33 you,

308 768 8 9 *
338 764 14 39 I
590 765 55 34 All
662 765 62 35 the
741 764 145 37 fit-ness
907 763 53 39 He
979 765 130 44 re-quir
1120 784 13 5 -
1144 765 59 35 eth
1220 764 32 36 Is
1270 770 36 32 to
1322 766 68 35 feel
1408 776 91 34 your
1517 767 89 35 need
1623 768 37 34 of
1680 767 95 38 Him.
1792 767 23 42 J
2048 771 74 36 this
2142 770 54 36 He
2214 771 104 44 gives
2335 781 86 36 you,
2977 775 75 38 this
3067 776 54 34 He
3135 776 104 44 gives
3252 789 87 33 you,
3357 778 78 38 ’Tis
3447 779 63 37 the
3525 779 95 44 Spir-

538 1210 249 46 Ag-on-iz-ing
805 1212 36 33 in
857 1210 64 36 the
937 1210 164 44 gar-den,
1121 1209 66 36 Lo!
1205 1221 92 33 your
1315 1210 156 38 Mas-ter
1486 1215 193 40 pro-strate
1696 1214 75 44 lies;
1788 1218 14 31 1
1824 1214 60 36 “It
1900 1215 31 34 is
1947 1215 214 43 fin-ished,”
2304 1215 164 45 Sinners,
2485 1218 74 34 will
2577 1220 64 35 not
2655 1219 77 36 this
2749 1219 140 36 suffice?
3104 1220 59 37 “It
3179 1222 31 34 is
3225 1222 200 44 finished,”

499 1256 64 36 On
579 1255 63 36 the
660 1254 146 44 blood-y
818 1258 74 32 tree
911 1251 129 42 behold
1061 1254 95 42 Him,
1176 1254 94 37 Hear
1289 1257 83 34 Him
1392 1265 63 34 cry
1471 1256 121 36 before
1611 1257 54 35 He
1683 1258 88 36 dies:
1794 1264 8 32 1
2044 1259 60 37 “It
2120 1261 31 34 is
2166 1260 215 46 fin-ished,”
2823 1264 59 37 “It
2895 1265 30 35 is
2938 1263 200 47 finished,”
3363 1267 164 46 Sinners,
3539 1269 74 37 will

496 1302 64 34 Lo!
579 1299 63 37 the
660 1299 183 37 incarnate
862 1298 85 37 God
965 1299 191 43 ascended,
1178 1299 127 37 Pleads
1322 1301 62 35 the
1400 1302 102 35 merit
1512 1302 38 33 of
1563 1301 66 35 His
1648 1302 115 45 blood;
1782 1308 13 30 1
1817 1303 103 37 None
1938 1304 65 37 but
2022 1304 124 44 Jesus,
2167 1304 102 38 None
2284 1306 64 36 but
2363 1305 123 45 Jesus,
2804 1309 102 37 None
2925 1310 64 36 but
3008 1309 123 45 Jesus,

497 1344 177 39 Ven-ture
692 1354 46 24 on
760 1344 96 42 Him,
876 1344 153 38 venture
1047 1343 149 44 wholly,
1217 1343 66 37 Let
1301 1356 45 24 no
1364 1345 103 37 other
1482 1348 97 34 trust
1596 1347 167 37 in-trude.
1782 1357 11 31 j
2303 1349 85 38 Can
2401 1351 45 35 do
2460 1351 158 44 helpless
2629 1352 143 36 sinners
2787 1353 107 44 good,
3031 1355 103 38 None
3148 1355 65 37 but
3230 1357 111 36 Jesus
3355 1356 86 38 Can
3456 1358 45 35 do
3514 1358 98 40 help-

317 1547 136 43 Joseph
475 1546 90 35 Hart
581 1554 78 24 was
678 1543 88 35 born
786 1544 33 33 in
843 1554 82 30 1712
943 1543 71 37 and
1040 1542 79 36 died
1145 1543 34 34 in
1209 1544 94 42 1768.
1355 1543 102 37 After
1481 1544 108 45 being
1613 1557 22 24 a
1660 1544 202 39 backslider
1877 1548 93 35 from
1989 1548 57 35 his
2064 1549 99 42 early
2179 1548 170 46 religious
2365 1549 172 44 training,
2556 1550 45 35 he
2626 1550 111 37 heard
2756 1552 97 36 John
2873 1552 152 44 Wesley
3041 1553 128 43 preach
3189 1554 35 36 in
3246 1565 94 34 1757.
3394 1556 54 36 He
3467 1557 145 37 became

226 1591 206 42 converted,
459 1590 72 36 and
557 1589 117 40 began
701 1590 37 33 at
762 1597 88 25 once
875 1591 36 32 to
937 1587 129 43 preach
1093 1588 159 42 himself,
1279 1590 71 34 and
1375 1589 193 37 continued
1594 1601 47 31 up
1664 1593 38 33 to
1727 1591 62 37 the
1815 1592 86 35 time
1926 1592 37 35 of
1991 1593 58 34 his
2079 1592 120 37 death.
2251 1593 54 35 He
2329 1593 193 43 composed
2550 1607 21 23 a
2599 1594 97 44 large
2722 1596 151 36 number
2896 1599 38 33 of
2950 1597 169 37 valuable
3143 1599 151 43 hymns,
3320 1602 71 35 and
3419 1601 193 45 published

226 1635 168 45 religious
411 1635 136 36 works.
599 1632 92 35 This
708 1635 87 33 tune
813 1633 30 34 is
861 1643 68 24 one
946 1632 37 35 of
999 1632 63 35 the
1079 1632 59 35 old
1156 1632 183 44 melodies,
1359 1631 65 39 but
1442 1643 92 25 none
1552 1634 36 35 of
1606 1635 61 34 the
1686 1633 116 38 books
1820 1647 54 24 we
1892 1637 96 35 have
2006 1648 85 24 seen
2110 1637 83 43 give
2210 1637 62 36 the
2290 1638 82 36 date
2389 1649 39 24 or
2443 1639 63 34 the
2524 1648 107 27 name
2648 1640 37 33 of
2700 1640 63 37 the
2780 1641 131 36 author
2927 1643 37 35 of
2980 1642 62 37 the
3061 1642 125 36 music.

314 1760 121 33 Chas.
461 1759 193 36 WESEEY,
684 1754 98 35 1739.
832 1756 85 41 Key
941 1752 41 35 of
1006 1755 34 32 G
1064 1754 131 43 Major.

1631 1689 387 53 COOKHAM.
2091 1707 87 46 7s.

1327 1766 17 12 “
1357 1764 106 29 Christ
1475 1768 92 31 Jesus
1579 1774 91 19 came
1682 1765 69 30 into
1764 1768 58 27 the
1834 1768 103 27 world
1949 1772 33 24 to
1993 1777 75 19 save
2080 1768 213 30 sinners.”—1
2305 1770 81 27 Tim.
2401 1772 34 26 1:
2453 1772 42 26 15.
3080 1766 191 43 Psalmist,
3299 1768 120 44 hymn
3442 1769 77 34 207.

3371 1815 18 29 1
3492 1815 22 29 2

403 1989 76 42 ing,
498 1986 112 36 doubt
627 1995 45 25 no
692 1994 107 27 more,

400 2033 61 36 it’s
478 2031 131 43 ris-ing
627 2029 118 36 beam.

999 1995 27 23 1.
1057 1984 114 34 Hark!
1190 1985 62 35 the
1270 1985 123 35 herald
1412 1986 141 42 an-gels
1572 1986 95 42 sing,
1690 1985 147 46 “Glory
1853 1991 37 32 to
1906 1989 64 35 the
1988 1990 186 35 new-born
2195 1989 107 44 King;
2325 1991 111 35 Peace
2453 2002 47 23 on
2518 1990 114 44 earth,
2652 1992 71 35 and
2742 2003 120 33 mercy
2879 1994 98 43 mild,
2997 1993 85 38 God
3099 1995 72 36 and
3189 1997 143 36 sinners
3349 1996 237 40 reconciled.”

990 2039 31 24 2.
1050 2027 81 43 See,
1151 2028 55 35 He
1223 2029 80 43 lays
1320 2030 58 34 his
1404 2029 118 44 glo-ry
1539 2030 60 44 by;
1622 2030 95 36 Born
1734 2032 82 37 that
1834 2043 83 24 man
1936 2043 46 25 no
2001 2044 95 25 more
2115 2044 84 33 may
2217 2035 66 43 die;
2305 2034 95 36 Born
2417 2038 37 33 to
2472 2036 93 35 raise
2581 2036 63 36 the
2661 2047 88 25 sons
2767 2038 37 35 of
2821 2039 113 44 earth;
2956 2039 97 36 Born
3070 2042 37 33 to
3125 2040 84 44 give
3226 2042 100 36 them
3343 2042 133 37 second
3500 2043 107 36 birth.

3366 2088 18 29 1
3488 2088 21 29 2

3367 2304 18 30 1
3492 2304 21 29 2

398 2512 64 33 not
506 2506 76 38 this
599 2503 137 38 suffice,

398 2554 73 35 less
505 2550 143 38 sinners
667 2550 105 44 good.

991 2515 31 32 3.
1051 2504 96 43 Hail,
1164 2504 64 36 the
1244 2504 88 44 holy
1351 2503 123 39 Prince
1487 2506 38 34 of
1541 2507 120 42 peace!
1682 2507 96 44 Hail,
1792 2508 63 35 the
1869 2508 77 37 Sun
1961 2510 38 34 of
2015 2509 290 45 righteousness,
2324 2511 112 43 Light
2452 2511 73 36 and
2541 2511 60 36 life
2617 2515 39 33 to
2668 2512 47 36 all
2733 2513 56 36 He
2802 2512 256 46 brings,Risen
3074 2516 90 35 with
3178 2517 148 44 healing
3338 2519 36 35 in
3390 2519 68 37 His
3475 2520 133 43 wings.

988 2559 32 32 4.
1050 2548 67 37 Let
1133 2559 44 25 us
1190 2549 88 36 then
1296 2549 90 37 with
1405 2551 146 43 an-gels
1569 2552 97 43 sing,
1688 2550 148 47 “Glory
1852 2556 36 33 to
1906 2554 63 36 the
1987 2554 189 36 new-born
2198 2554 109 45 King!
2328 2555 112 36 Peace
2457 2567 46 25 on
2522 2556 100 37 earth
2641 2558 72 34 and
2732 2569 121 33 mercy
2870 2559 98 44 mild,
2989 2558 85 38 God
3090 2561 72 34 and
3179 2561 143 37 sinners
3340 2562 241 39 reconciled!”

3367 2609 18 30 1
3492 2609 21 30 2

307 2795 23 17 “
345 2792 234 40 Cookham”
599 2794 30 34 is
649 2803 133 35 among
800 2793 62 35 the
880 2791 118 38 oldest
1016 2790 188 37 American
1222 2793 122 40 tunes,
1360 2790 153 39 selected
1529 2793 93 35 from
1642 2792 24 17 “
1681 2793 143 45 Baptist
1842 2795 230 43 Harmony,”
2091 2807 92 32 page
2203 2806 74 33 327.
2329 2796 67 36 See
2415 2796 23 17 “
2453 2796 181 38 Southern
2656 2797 231 47 Harmony,”
2906 2801 50 43 by
2974 2801 161 38 William
3155 2801 164 46 Walker,
3338 2814 93 35 page
3455 2807 33 40 8,
3512 2808 96 42 1835.

215 2836 81 40 The
313 2840 116 36 above
447 2840 115 43 hymn
581 2839 30 35 is
628 2832 150 43 claimed
805 2837 48 43 by
868 2838 64 35 the
952 2836 153 45 English
1131 2836 124 43 people
1272 2847 41 24 as
1332 2835 108 46 being
1464 2837 63 35 the
1545 2837 81 36 best
1642 2838 115 44 hymn
1777 2838 159 38 Charles
1956 2840 152 44 Wesley
2124 2851 85 25 ever
2225 2843 124 34 wrote.
2400 2840 67 38 See
2487 2841 194 39 Duffield’s
2700 2841 23 17 “
2739 2844 153 44 English
2920 2844 188 46 Hymns,”
3125 2857 92 34 page
3235 2859 76 32 207.
3363 2848 80 38 Full
3468 2851 146 44 history

214 2882 50 44 by
283 2883 90 37 Rev.
398 2884 121 36 David
546 2883 41 37 R.
609 2880 130 46 Breev,
758 2882 35 35 in
820 2877 57 40 his
895 2881 104 36 work
1025 2891 45 25 on
1088 2880 63 36 the
1170 2880 23 15 “
1210 2879 75 38 Use
1310 2882 37 34 of
1375 2880 146 46 Hymns
1545 2882 74 36 and
1638 2880 168 47 Tunes,”
1826 2895 113 34 pages
1967 2894 59 34 115
2046 2886 72 35 and
2146 2886 81 41 116;
2255 2886 77 36 also
2350 2884 217 47 “Anglican
2593 2886 279 48 Hymnology.”
2922 2889 38 36 In
2976 2890 63 36 the
3057 2889 218 39 “Standard
3302 2892 124 46 Hymn
3452 2893 105 37 Book
3575 2896 39 35 of

212 2921 63 43 the
297 2929 135 37 United
457 2927 123 39 States
594 2926 22 18 ”
636 2927 28 36 it
680 2927 31 35 is
739 2928 65 42 put
821 2927 107 35 down
947 2936 41 26 as
1009 2936 68 24 one
1097 2925 38 36 of
1158 2924 62 37 the
1245 2927 160 42 greatest
1429 2925 136 44 hymns
1590 2928 36 34 in
1650 2927 63 37 the
1731 2927 123 38 world.
1906 2928 67 37 See
1990 2941 92 32 page
2109 2942 51 32 39.
2212 2929 90 38 Rev.
2324 2930 120 38 Lewis
2464 2931 40 36 F.
2525 2931 161 45 Benson,
2706 2931 47 37 D.
2775 2933 64 44 D.,
2858 2934 35 36 in
2911 2933 105 38 work
3031 2945 46 25 on
3097 2933 24 17 “
3135 2935 88 39 Best
3240 2936 153 40 Church
3420 2937 192 48 Hymns,”

213 2979 93 41 page
326 2985 51 33 17,
396 2977 85 41 puts
498 2973 75 37 this
591 2971 116 44 hymn
725 2981 41 26 as
785 2971 152 35 number
954 2970 101 45 eight
1071 2970 37 34 of
1125 2969 45 37 all
1190 2970 188 38 American
1396 2969 150 45 hymns.
1596 2971 108 38 Some
1722 2972 150 38 authors
1890 2974 99 45 place
2006 2975 27 36 it
2049 2986 42 25 as
2109 2974 151 38 number
2277 2986 79 28 one.
