4004 3425
1566 382 175 53 NEW
1780 384 323 59 BRITAIN.
2172 389 63 51 C.
2276 390 81 50 M.

462 453 20 13 <€
493 449 73 31 And
579 451 103 28 David
694 452 57 26 the
763 450 82 36 king
856 458 91 21 came
957 451 65 28 and
1034 453 51 25 sat
1097 449 113 28 before
1222 449 57 27 the
1291 448 95 35 I^ord,
1400 450 65 26 and
1477 449 79 33 said,
1574 449 80 27 Who
1667 457 54 21 am
1734 452 24 30 i,
1774 453 25 25 O
1812 450 100 31 Dord^
1912 454 4 11 1
1921 454 69 25 ”—1
2003 454 133 27 Chron.
2152 455 32 27 17
2196 463 7 19 :
2221 457 40 24 16.
2300 459 18 8 ”
2329 454 181 35 According
2521 458 79 24 unto
2613 457 58 28 the
2683 456 174 30 multitude
2869 457 35 28 of
2916 458 60 35 thy
2987 458 116 29 tender
3114 459 135 31 mercies
3261 462 70 29 blot
3343 465 56 26 out
3411 471 57 27 my

358 499 112 42 JOHN
495 498 198 39 Newton,
722 497 97 36 1789.
868 498 84 41 Key
976 496 41 34 of
1040 498 29 33 c
1093 495 136 46 Major.
1717 495 376 39 transgressions.”—Ps.
2105 498 53 28 51:
2175 500 25 26 1.

3353 554 21 32 1

3579 414 76 47 45

457 738 28 23 1.
515 726 29 35 A
593 744 11 7 ■
653 726 158 44 maz-ing
853 727 116 42 grace!
1055 725 85 37 how
1158 728 113 34 sweet
1287 725 62 36 the
1367 726 130 43 sound,
1519 725 97 38 That
1632 727 114 36 saved
1762 739 22 24 a

449 782 32 24 2.
509 769 126 39 ’Twas
652 780 104 35 grace
772 771 83 36 that
869 769 135 45 taught
1021 781 63 33 my
1099 770 104 37 heart
1217 773 38 33 to
1271 769 89 46 fear,
1390 770 82 36 And
1487 780 105 35 grace
1610 782 63 32 my
1688 772 97 36 fears

1800 728 133 37 wretch
1953 729 71 36 like
2044 730 68 35 me!
2133 730 11 35 I
2178 742 88 24 once
2313 742 80 24 was
2411 731 82 42 lost,
2530 731 65 36 but
2626 743 83 25 now
2751 733 63 35 I’m
2832 733 127 46 found,
2979 734 94 39 Was
3091 735 98 36 blind
3207 736 67 38 but
3287 748 84 26 now
3390 739 11 35 I
3419 749 72 26 see.
3519 750 71 25 see.

1802 772 185 41 re-lieved;
2006 773 95 37 How
2116 774 179 43 pre-cious
2312 775 60 35 did
2402 776 83 36 that
2501 786 105 32 grace
2640 788 46 32 ap
2704 797 15 6 -
2735 787 85 35 pear
2837 777 80 38 The
2933 779 93 36 hour
3044 780 12 34 I
3133 780 81 37 first
3252 781 189 40 be-lieved!
3482 785 142 36 -lieved.

3349 828 20 30 1
3502 829 23 29 2

450 1042 32 33 3.
509 1030 111 37 Thro’
640 1041 60 25 ma
724 1049 11 7 ■
754 1041 50 34 ny
865 1029 186 48 dan-gers,
1070 1030 83 38 toils
1171 1031 71 35 and
1260 1040 140 36 snares,
1421 1031 11 34 I
1450 1031 95 36 have
1563 1032 133 35 al-read
1722 1050 11 7 -
1757 1044 26 32 y

449 1086 34 33 4.
512 1075 78 37 The
655 1074 92 37 Lord
765 1075 68 36 has
851 1076 194 43 prom-ised
1062 1075 93 44 good
1172 1078 37 33 to
1243 1085 67 33 me,
1332 1075 66 36 His
1416 1075 99 37 word
1534 1086 61 33 my
1634 1076 92 43 hope
1744 1088 39 24 se

1843 1042 111 34 come;
1977 1032 77 38 ’Tis
2071 1045 104 34 grace
2192 1035 69 35 has
2279 1035 158 45 brought
2454 1046 55 26 me
2526 1037 78 34 safe
2621 1036 88 37 thus
2740 1038 68 43 far,
2829 1037 81 37 And
2927 1049 104 33 grace
3048 1038 72 37 will
3138 1039 78 36 lead
3234 1051 56 26 me
3307 1042 118 36 home.
3451 1043 120 36 home,

1845 1088 113 33 cures;
1996 1077 54 37 He
2112 1079 73 36 will
2204 1090 62 33 my
2297 1079 116 36 shield
2433 1081 71 35 and
2536 1081 174 43 por-tion
2759 1082 42 36 be
2835 1083 51 35 As
2919 1083 84 44 long
3024 1094 41 25 as
3149 1085 59 35 life
3256 1085 338 41 en-dures.-dures.

3350 1131 18 30 1
3503 1133 21 28 2

452 1314 31 35 5.
512 1303 78 37 The

652 1303 101 38 earth
772 1303 92 37 shall
883 1313 89 28 soon
990 1303 177 38 dis-solve
1185 1304 72 35 like
1274 1314 118 34 snow,
1411 1304 79 37 The
1507 1315 69 25 sun
1594 1305 156 37 for-bear
1767 1308 37 33 to
1837 1305 115 45 shine;

1991 1307 72 38 But
2095 1307 98 46 God,
2212 1308 84 36 who
2317 1308 111 36 called
2445 1319 56 26 me
2533 1309 84 37 here
2650 1310 43 36 be
2711 1330 15 6 -
2743 1311 84 43 low,
2848 1311 86 39 Will
2953 1312 44 36 be
3035 1313 57 36 for
3116 1331 12 7 -
3153 1324 46 24 ev
3223 1335 13 5 -
3262 1325 36 25 er
3332 1316 107 37 mine.

2115 1351 17 13 K
3350 1360 16 29 1

3481 1317 107 36 mine.

3503 1363 21 28 2

356 1533 78 36 The
459 1532 151 47 original
634 1534 76 36 title
728 1534 37 34 of
788 1533 75 38 this
888 1533 114 44 hymn
1022 1534 35 35 in
1077 1532 196 47 “Olney’s
1300 1533 234 41 Selections”
1554 1537 30 34 is
1611 1534 180 39 “Faith’s
1812 1536 147 38 Review
1990 1537 72 37 and
2088 1536 279 47 Expectation.”
2419 1538 96 37 John
2551 1538 154 40 Newton
2731 1540 95 36 lived
2852 1543 34 33 in
2904 1541 229 38 wickedness
3151 1554 21 24 a
3204 1543 86 44 long
3315 1546 100 42 time,
3436 1545 65 37 but
3524 1546 127 44 finally

265 1577 129 38 turned
411 1581 37 34 to
465 1578 65 38 the
547 1577 104 36 work
669 1579 36 34 of
726 1578 57 34 his
803 1578 92 36 Lord
912 1579 71 36 and
1002 1577 150 46 Master,
1170 1579 72 35 and
1259 1579 143 38 entered
1427 1581 62 35 the
1508 1580 180 44 ministry,
1707 1581 71 34 and
1795 1591 78 25 was
1891 1592 20 24 a
1936 1591 121 35 power
2072 1592 42 27 as
2133 1594 20 24 a
2170 1583 183 44 preacher,
2369 1587 98 40 poet,
2485 1583 71 37 and
2581 1584 115 44 hymn
2713 1586 132 35 writer.
2897 1586 54 35 He
2969 1596 191 34 expresses
3183 1588 58 36 his
3258 1589 156 46 feelings
3431 1594 38 33 at
3485 1591 63 35 the
3564 1593 87 35 time

269 1623 44 35 he
330 1625 111 34 wrote
466 1623 63 36 the
554 1622 129 43 hymn,
703 1620 25 19 “
744 1621 178 45 Amazing
947 1633 117 34 grace,
1084 1622 84 38 how
1185 1625 113 34 sweet
1321 1623 62 36 the
1401 1624 131 44 sound,
1554 1625 96 36 That
1674 1625 113 37 saved
1812 1637 21 24 a
1850 1625 133 37 wretch
2010 1627 72 36 like
2108 1638 55 24 me
2179 1628 37 35 !”
2267 1626 54 37 He
2338 1638 78 26 was
2442 1628 87 36 born
2556 1629 35 33 in
2613 1637 80 35 1725
2722 1629 70 36 and
2818 1629 79 36 died
2922 1630 35 34 in
2979 1632 94 42 1807.
3125 1632 54 34 He
3196 1643 78 26 was
3299 1644 21 24 a
3347 1632 164 40 minister
3527 1635 36 35 in
3588 1636 63 36 the

269 1665 152 39 Church
441 1668 37 34 of
497 1665 179 46 England.

358 1710 69 39 We
446 1711 95 36 have
568 1713 87 33 been
674 1709 130 39 unable
821 1714 37 33 to
875 1711 74 37 find
966 1713 63 35 the
1047 1722 105 27 name
1170 1712 37 35 of
1232 1713 63 35 the
1311 1712 131 37 author
1458 1714 37 35 of
1519 1714 62 37 the
1598 1714 116 37 above
1731 1717 99 34 tune.
1881 1715 117 37 There
2015 1727 59 25 are
2093 1727 193 26 numerous
2304 1716 189 37 claimants
2512 1717 37 36 of
2567 1717 38 43 it,
2625 1718 65 37 but
2706 1718 92 36 after
2815 1718 259 46 investigation
3099 1720 102 36 there
3218 1734 59 23 are
3302 1722 132 38 doubts
3452 1733 41 26 as
3510 1726 37 34 to
3565 1725 84 35 who

268 1755 29 37 is
315 1755 110 44 really
442 1756 62 36 the
521 1755 142 35 author.
715 1753 78 38 The
810 1759 86 32 tune
915 1765 150 35 appears
1083 1766 45 26 on
1147 1767 91 33 page
1254 1759 21 33 8
1292 1757 36 35 of
1347 1756 23 15 “
1387 1755 181 40 Southern
1589 1758 228 45 Harmony,”
1839 1760 49 43 by
1906 1759 159 41 William
2083 1760 164 44 Walker,
2266 1761 35 36 in
2323 1763 93 41 1835.
2470 1761 29 37 It
2515 1762 30 34 is
2564 1761 162 37 believed
2742 1763 82 36 that
2840 1765 27 34 it
2882 1773 80 28 was
2979 1763 192 44 composed
3188 1765 99 44 early
3305 1768 34 33 in
3358 1767 62 37 the
3438 1767 209 39 nineteenth

267 1802 161 42 century.
479 1798 80 37 The
584 1810 106 25 name
714 1798 37 38 of
769 1798 23 17 “
808 1800 91 37 New
917 1797 136 41 Britain
1068 1803 25 15 ”
1112 1801 31 35 is
1168 1799 218 46 suggestive
1403 1802 38 36 of
1463 1802 63 36 the
1543 1812 125 27 source
1685 1804 37 35 of
1745 1805 63 34 the
1825 1803 114 46 origin
1957 1805 38 35 of
2017 1806 63 36 the
2103 1807 102 42 tune,
2224 1806 65 36 but
2305 1816 47 24 no
2368 1805 132 37 author
2516 1806 31 35 is
2571 1807 110 43 given
2699 1807 36 34 in
2752 1817 76 34 any
2842 1808 39 34 of
2903 1807 63 36 the
2990 1806 117 38 books
3123 1819 57 25 we
3203 1809 97 37 have
3317 1808 191 42 examined
3525 1813 38 36 of
3586 1814 64 35 the

270 1843 124 38 music.
1667 1857 186 36 Copyright,
1867 1858 77 34 1909,
1958 1858 44 36 by
2013 1861 28 34 J.
2055 1862 30 25 S.
2099 1861 117 34 James.

353 1979 124 35 Isaac
495 1979 161 41 Watts,
681 1977 98 37 1719.
825 1980 88 42 Key
934 1978 46 34 of
997 1980 33 32 A
1052 1977 143 38 Minor.

1615 1911 556 58 SUPPLICATION.
2247 1916 62 51 L.
2351 1917 80 49 M.

1624 1992 18 12 “
1650 1993 18 24 I
1678 1990 70 29 will
1758 2000 59 26 cry
1825 1994 82 26 unto
1918 1991 72 28 God
2000 1994 87 26 most
2097 1992 203 37 high.”—Ps,
2313 1995 35 25 57
2358 2002 8 18 :
2381 1995 27 25 2.

433 2422 38 37 O
491 2421 107 38 Thou
617 2423 83 35 who
717 2421 139 39 hear’st
866 2423 108 37 when
989 2423 141 37 sinners
1142 2434 75 33 cry,
1233 2420 95 40 Tho’
1347 2424 45 36 all
1411 2436 63 33 my
1489 2426 127 37 crimes
1634 2426 120 37 before
1768 2426 98 37 Thee
1881 2426 218 46 lie,Be-hold
2116 2429 100 34 them
2230 2431 62 34 not
2307 2429 86 35 with
2442 2439 135 34 an-gry
2623 2429 97 44 look,
2771 2431 72 35 But
2890 2431 73 38 blot
2988 2432 93 36 their
3099 2433 169 45 mem-’ry
3283 2436 92 36 from
3393 2435 84 46 Thy
3491 2435 108 38 book.

350 2834 79 40 The
448 2837 116 38 above
581 2841 87 33 tune
686 2838 71 36 and
775 2839 120 35 words
913 2850 131 34 appear
1060 2840 34 35 in
1115 2840 62 36 the
1197 2837 195 49 Fifty-first
1411 2840 134 45 Psalm,
1565 2841 126 39 Watts
1706 2854 8 31 ;
1742 2840 23 16 “
1779 2840 181 40 Southern
1988 2841 232 46 Harmony,”
2252 2844 96 43 1835,
2374 2854 92 34 page
2485 2852 16 35 5
2515 2856 7 30 ;
2551 2844 77 36 also
2647 2846 35 34 in
2702 2843 23 16 “
2740 2844 171 39 Missouri
2931 2846 231 45 Harmony,”
3182 2849 35 35 in
3239 2851 96 43 1837,
3354 2860 92 38 page
3464 2851 54 37 26.
3570 2852 79 38 The

262 2878 118 41 words
415 2890 131 37 appear
564 2883 34 34 in
617 2882 62 37 the
699 2882 23 16 “
736 2882 143 44 Baptist
898 2883 208 46 Hvmnal,”
1128 2886 96 41 1833,
1246 2885 66 38 No.
1334 2885 84 46 296;
1447 2896 91 35 page
1556 2894 40 37 95
1612 2887 37 35 of
1666 2886 139 40 Watts’
1827 2885 23 18 “
1866 2886 188 48 Hymns,”
2077 2898 94 36 1719.
2225 2887 69 41 We
2311 2888 75 38 find
2425 2899 45 27 no
2488 2891 94 35 trace
2600 2889 37 35 of
2654 2889 63 38 the
2735 2892 130 35 author
2882 2889 37 38 of
2935 2891 62 38 the
3013 2894 100 35 tune.
3165 2893 30 36 It
3210 2903 79 27 was
3307 2890 193 55 published
3534 2898 34 36 in
3587 2899 62 35 the

264 2922 22 17 “
303 2921 131 46 Sacred
454 2925 143 46 Harp,”
617 2926 50 46 by
687 2926 124 41 White
830 2929 70 35 and
923 2927 108 47 King,
1049 2929 92 38 from
1165 2931 83 43 1844
1265 2932 37 36 to
1324 2930 93 47 1869.
