4007 3481
548 409 65 49 68

567 518 100 35 Isaac
685 516 128 40 Watts,
837 518 94 32 1709.
981 517 78 41 Key
1076 517 35 33 of
1129 518 27 30 B
1177 516 125 34 Minor.

1916 402 285 53 SALEM.
2339 403 63 54 L,
2441 402 80 54 M.

1794 470 147 35 “Christ
1960 473 79 31 died
2056 473 53 31 for
2127 482 62 23 our
2206 473 179 33 sins.”—1
2409 472 80 33 Cor.
2515 471 99 35 15:3.

2947 514 108 33 Meth.
3076 515 45 31 H.
3138 515 41 30 B.
3195 513 122 42 p.,455,
3337 514 69 32 and
3420 513 179 38 Psalmist,
3616 512 89 34 232d
3726 511 136 44 Hymn.

3669 590 11 29 i
3773 591 21 28 2

761 796 55 31 He
834 795 86 36 dies,
941 794 58 32 the
1017 790 128 39 Friend
1162 794 36 31 of
1215 795 139 30 sinners
1368 791 84 34 dies!
1474 794 47 30 Lo
1536 792 156 33 Salem’s
1703 793 192 41 daughters
1908 804 98 29 weep
2020 793 144 33 around:

2280 794 31 31 A
2323 794 138 32 solemn
2476 792 172 35 darkness
2687 792 90 32 veils
2789 791 59 32 the
2858 792 106 35 skies,
2977 791 31 31 A
3021 791 136 32 sudden
3184 795 90 27 trem
3298 808 16 5 -
3336 791 98 40 bling
3446 789 135 34 shakes
3639 790 59 32 the
3714 789 146 43 ground.

3665 901 18 30 1
3767 899 30 29 2

3664 1134 18 30 1
3774 1135 16 25 2

744 1340 86 40 Say,
847 1339 112 32 “Live
973 1336 151 40 forever,
1143 1337 153 41 glorious
1327 1338 104 40 King,
1449 1338 92 32 Born
1553 1342 33 27 to
1599 1337 155 38 redeem,
1771 1338 68 31 and
1853 1342 123 37 strong
1990 1342 33 27 to
2037 1336 126 33 save!”

2256 1337 99 31 Then
2368 1337 76 36 ask,
2459 1336 54 32 “0
2530 1333 131 40 Death,
2673 1336 120 32 where
2806 1338 30 30 is
2850 1334 62 42 thy
2924 1337 106 39 sting,
3050 1335 80 31 And
3142 1334 118 33 where
3274 1334 62 39 thy
3349 1336 149 39 victory,
3511 1335 166 42 boasting
3691 1333 165 35 Grave?”

3665 1443 19 29 1
3767 1443 25 28 2

563 1607 103 32 None
681 1607 35 31 of
735 1605 58 32 the
809 1606 111 32 books
936 1615 54 21 we
1008 1603 93 33 have
1119 1603 188 32 examined
1337 1604 79 38 give
1437 1601 58 32 the
1522 1602 124 31 author
1679 1601 35 32 of
1740 1600 58 33 the
1822 1602 114 31 above
1962 1605 95 29 tune.
2108 1602 27 31 It
2167 1603 30 30 is
2221 1600 184 42 published
2432 1603 35 29 in
2501 1600 164 33 Missouri
2698 1598 187 41 Harmony
2915 1595 48 44 by
2992 1598 151 36 Carden,
3182 1599 81 31 1827
3291 1600 68 31 and
3394 1599 92 36 1837,
3514 1607 90 33 page
3634 1599 52 35 47;
3720 1601 34 30 in
3802 1600 58 32 the

521 1649 176 36 Southern
716 1651 185 39 Harmony
917 1650 47 40 by
983 1646 155 40 Walker,
1163 1647 82 32 1837
1261 1647 69 31 and
1353 1646 91 35 1848,
1465 1655 91 32 page
1573 1646 53 32 53.
1677 1643 73 34 The
1768 1649 99 29 other
1885 1645 110 41 hymn
2013 1657 74 21 was
2104 1646 106 32 taken
2229 1647 91 31 from
2342 1646 119 31 where
2478 1646 24 31 it
2520 1646 104 31 bears
2643 1644 57 32 the
2720 1645 84 35 title,
2826 1641 150 42 “Qhrist
2997 1643 128 41 Dying,
3149 1643 135 41 Rising,
3303 1643 70 32 and
3392 1642 218 42 Reigning.”
3651 1643 78 32 The
3749 1644 110 41 hymn

520 1696 65 35 has
604 1698 54 31 six
674 1705 135 23 verses.

1740 1755 530 54 MIDDLEBURY.
2415 1761 75 55 6s,
2533 1760 80 47 9s.

1760 1825 36 32 “I
1817 1826 68 30 will
1904 1827 130 38 rejoice
2052 1828 33 28 in
2104 1826 59 31 the
2182 1824 296 33 Lord.”—Haba.
2499 1823 98 33 3:18.

563 1871 151 38 Charles
731 1872 156 42 Wesley,
912 1872 92 34 1755.
1145 1872 78 41 Key
1240 1872 36 31 of
1291 1873 31 29 A
1343 1871 126 40 Major.
3290 1867 98 32 Meth
3409 1864 121 45 Hymn
3551 1868 111 37 Book,
3682 1878 31 30 p.
3733 1867 78 33 357.

696 2163 112 32 Come
826 2172 102 30 away
946 2166 33 27 to
998 2160 58 33 the
1073 2160 105 37 skies,
1200 2160 60 40 My
1278 2158 152 34 beloved
1448 2160 102 34 arise,
1569 2158 79 32 And
1665 2161 132 38 rejoice
1814 2161 34 29 in
1867 2157 58 34 the
1945 2159 67 40 day
2030 2158 84 32 thou
2131 2162 88 29 wast
2236 2159 98 35 born;
2354 2158 54 31 On
2428 2156 68 34 this
2512 2155 142 34 festival
2674 2156 79 41 day,
2773 2151 118 37 Come
2909 2156 158 40 exulting
3082 2163 112 32 away,
3214 2154 79 32 And
3309 2153 83 34 with
3408 2155 142 42 singing
3569 2158 33 27 to
3621 2155 86 31 Zion
3723 2160 132 29 return.

560 2680 65 34 We
638 2681 93 35 have
745 2683 70 31 laid
829 2692 46 30 up
889 2691 62 22 our
966 2681 81 32 love
1060 2681 80 31 And
1155 2690 63 22 our
1230 2681 157 33 treasure
1399 2679 123 37 above,
1537 2677 150 42 Though
1701 2687 61 22 our
1776 2677 122 33 bodies
1913 2680 168 30 continue
2093 2677 125 33 below:
2234 2676 75 34 The
2322 2675 190 35 redeemed
2525 2676 36 32 of
2574 2685 64 22 our
2653 2676 99 36 Lord,
2768 2675 65 33 We
2847 2676 201 32 remember
3062 2676 55 32 his
3130 2676 107 39 word,
3251 2676 79 31 And
3339 2674 83 34 with
3435 2674 142 43 singing
3591 2680 33 29 to
3641 2675 168 34 Paradise
3821 2684 54 34 go.

556 2961 66 32 We
639 2959 94 34 have
749 2959 90 32 been
858 2958 129 32 unable
1005 2961 34 27 to
1059 2956 74 32 find
1151 2954 59 34 the
1228 2955 126 33 author
1372 2956 35 32 of
1426 2955 59 33 the
1504 2954 114 34 above
1637 2959 96 28 tune.
1780 2954 78 32 The
1875 2953 78 33 first
1970 2954 94 32 book
2087 2962 55 23 we
2158 2951 94 35 have
2274 2952 91 34 been
2390 2951 79 34 able
2494 2956 34 28 to
2557 2951 74 33 find
2650 2953 25 31 it
2692 2952 139 40 printed
2856 2953 35 31 in
2921 2952 30 32 is
2979 2950 60 34 the
3062 2949 180 36 Southern
3275 2951 185 37 Harmony
3491 2952 46 41 by
3567 2950 155 38 Walker,
3761 2951 92 39 1835,

512 3014 91 35 page
628 3005 48 33 17.
728 3003 29 33 It
774 3003 65 32 has
855 3004 90 31 been
966 3000 139 44 printed
1121 3003 34 29 in
1175 3001 89 33 each
1281 3001 154 34 revision
1454 3001 30 31 If
1499 3000 75 31 The
1592 3000 134 31 Sacred
1746 2998 99 42 Harp
1866 2998 192 33 1844-1850
2074 2998 70 34 and
2168 2997 93 34 1869.
2312 2998 105 32 None
2434 2998 37 31 of
2489 2997 59 32 the
2566 3001 84 29 tune
2666 2998 113 32 books
2797 2998 81 40 give
2899 2997 58 33 the
2974 2995 126 35 author
3117 2997 36 31 of
3172 2996 59 33 the
3247 2998 128 33 music.
3424 2996 76 36 The
3525 2997 111 40 hymn
3661 3006 74 25 was
3759 3006 80 26 com­

512 3048 110 39 posed
638 3050 47 35 by
702 3049 156 36 Wesley,
882 3046 94 39 1755,
997 3046 110 36 under
1125 3046 60 35 the
1204 3045 88 42 title,
1313 3045 81 37 “Qn
1413 3046 59 35 the
1491 3044 170 41 Birthday
1677 3045 36 34 of
1729 3055 22 24 a
1768 3041 166 43 Friend,”
1953 3045 108 39 being
2077 3044 55 35 his
2147 3043 116 35 wife’s
2280 3042 85 35 29th
2382 3040 176 46 birthday.
2606 3042 115 35 There
2739 3052 61 25 are
2818 3045 66 33 two
2905 3041 189 36 additional
3120 3045 153 33 stanzas.
