4064 3464
245 451 121 36 Isaac
389 449 159 42 Watts,
576 447 98 35 1709.
725 449 86 41 Key
835 446 46 35 of
901 446 35 34 A
960 444 136 46 Major.

1528 363 401 58 PRIMROSE.
2003 364 60 51 C.
2103 363 81 50 M.

1369 441 97 32 “The
1478 451 95 26 grace
1585 443 35 26 of
1633 443 71 27 God
1716 442 153 35 bringeth
1882 440 339 30 salvation.”—Titus
2233 443 16 25 2
2261 451 7 18 :
2286 443 38 26 11

3475 371 76 49 47

3023 441 111 32 Amzi
3157 436 174 42 Chopin,
3362 437 96 35 1805.

426 690 28 24 i.
482 677 61 38 Sal
587 696 12 8 -
639 678 175 44 va-tion,
833 673 39 41 O
933 677 63 35 the
1056 676 64 44 joy
1134 695 11 5 -
1159 675 52 36 ful
1230 670 230 53 sound,’Tis
1478 675 178 44 pleas-ure
1688 678 37 33 to
1758 685 65 25 our
1907 685 106 33 ears;
2102 673 31 35 A
2195 674 186 44 sov’reign
2400 672 95 37 balm
2528 673 55 35 for
2645 682 46 24 ev
2708 671 87 44 -’ry
2810 670 149 44 wound,
2979 670 31 36 A
3027 668 149 38 cor-dial
3229 669 57 36 for
3318 678 64 26 our
3399 669 109 35 fears.

426 951 32 25 2.
487 938 74 36 Bur
600 957 13 7 -
644 938 55 35 ied
739 938 35 34 in
823 944 60 30 sor
906 956 14 5 -
944 946 75 26 row
1058 936 72 35 and
1169 936 35 35 in
1260 936 71 44 sin,
1384 934 48 38 At
1478 934 106 36 hell’s
1602 935 92 36 dark
1711 935 85 36 door
1809 946 56 25 we
1889 935 75 41 lay;
2074 933 72 37 But
2206 944 56 26 we
2324 945 21 24 a
2363 953 11 6 -
2393 933 68 36 rise
2525 932 49 45 by
2621 942 104 35 grace
2742 931 34 36 di
2794 951 16 6 -
2827 931 98 44 vine,
2945 931 54 36 To
3039 941 60 24 see
3155 941 23 25 a
3193 929 194 47 heav’n-ly
3403 930 83 44 day.

427 1181 30 33 3.
485 1168 61 36 Sal
595 1187 12 6 -
645 1166 175 37 va-tion!
838 1163 49 42 let
939 1167 63 35 the
1064 1165 64 36 ech
1148 1184 11 6 -
1177 1176 20 24 0
1258 1166 52 43 fly
1373 1164 79 39 The
1485 1165 182 43 spac-ious
1685 1165 101 36 earth
1804 1164 164 41 a-round;
2035 1163 125 38 While
2206 1163 45 36 all
2298 1164 63 35 the
2400 1173 40 25 ar
2464 1181 12 7 -
2518 1163 89 35 mies
2654 1162 38 34 of
2730 1162 63 36 the
2811 1161 74 43 sky
2917 1158 197 45 Con-spire
3145 1163 38 33 to
3216 1159 92 37 raise
3324 1160 63 35 the
3401 1160 129 36 sound.

247 1425 97 36 First
367 1423 192 44 published
583 1423 36 34 in
643 1422 64 36 the
730 1417 167 42 author’s
915 1418 25 16 “
958 1418 145 44 Hymns
1127 1418 72 37 and
1224 1417 170 45 Spiritual
1417 1416 166 46 Songs,”
1602 1418 112 35 under
1731 1418 63 36 the
1809 1417 78 37 title
1903 1418 39 35 of
1967 1417 23 15 “
2004 1415 232 38 Salvation.”
2290 1416 138 37 Walter
2452 1414 156 44 Shirley,
2627 1415 28 36 it
2671 1415 31 34 is
2724 1414 174 43 thought,
2917 1413 116 37 added
3055 1413 64 37 the
3141 1413 125 37 fourth
3282 1423 106 26 verse
3412 1415 38 34 to
3473 1413 77 36 this

160 1470 113 45 hymn
299 1471 35 34 in
357 1479 94 32 1774.
505 1468 28 36 It
549 1466 177 44 appeared
740 1466 35 35 in
795 1460 103 49 Lady
916 1462 276 46 Huntingdon’s
1211 1459 279 48 “Selections,”
1509 1463 37 34 of
1562 1463 121 35 which
1708 1463 46 35 he
1771 1473 79 25 was
1867 1465 38 34 at
1928 1463 63 36 the
2008 1462 86 36 time
2112 1460 123 37 editor.
2288 1460 91 35 This
2403 1460 116 44 hymn
2545 1461 30 34 is
2593 1459 78 36 said
2696 1459 77 35 also
2789 1462 38 33 to
2853 1459 42 35 be
2919 1458 186 44 approved
3123 1459 71 35 and
3220 1457 167 37 indorsed
3414 1457 49 43 by
3487 1458 63 36 the

161 1514 140 45 leading
325 1514 133 35 church
485 1511 291 37 denominations
801 1509 37 36 of
864 1507 174 38 America.
1089 1506 67 37 See
1182 1507 25 16 “
1222 1507 168 39 National
1417 1506 123 45 Hymn
1567 1507 147 44 Book,”
1740 1518 93 32 page
1861 1517 49 32 14.
1962 1506 180 44 Lyrically
2166 1505 193 44 speaking,
2386 1505 27 37 it
2436 1505 30 34 is
2491 1508 145 40 correct,
2663 1504 72 36 and
2759 1504 69 35 has
2853 1504 145 42 literary
3022 1503 211 44 excellence,
3258 1502 70 36 fair
3351 1502 196 43 propriety,

161 1569 200 34 reverence,
380 1558 71 36 and
469 1557 163 43 spiritual
651 1555 138 42 reality.
841 1551 99 39 Isaac
958 1552 125 39 Watts
1101 1563 78 26 was
1197 1553 88 35 born
1304 1554 34 33 in
1361 1551 83 44 1674
1461 1552 71 35 and
1550 1552 80 35 died
1647 1552 36 35 in
1705 1554 95 40 1748.
1853 1552 54 35 He
1922 1563 79 26 was
2019 1563 22 24 a
2058 1551 162 35 minister
2238 1550 35 35 in
2290 1550 63 36 the
2371 1549 154 44 English
2553 1547 363 45 Congregationalist
2933 1546 166 39 Church.

249 1603 92 36 This
365 1605 87 34 tune
476 1611 78 26 was
579 1600 140 43 printed
744 1600 35 34 in
804 1596 62 39 the
886 1596 23 17 “
925 1596 181 38 Southern
1127 1596 230 44 Harmony,”
1377 1598 35 34 in
1442 1595 96 44 1835,
1556 1607 92 32 page
1667 1607 31 33 3,
1718 1597 49 42 by
1785 1596 160 39 William
1964 1595 174 44 Walker;
2166 1594 24 16 “
2205 1594 171 37 Missouri
2404 1592 230 46 Harmony,”
2654 1593 35 33 in
2718 1594 97 42 1837,
2833 1603 92 33 page
2949 1602 56 33 21,
3024 1602 41 25 as
3082 1592 80 36 well
3187 1603 42 25 as
3254 1592 35 34 in
3316 1601 114 35 many
3446 1591 105 37 other

160 1648 120 38 earlier
300 1647 129 39 books.
481 1645 102 38 Amzi
603 1644 150 43 Chopin
771 1653 78 26 was
869 1641 88 38 born
976 1642 35 38 in
1033 1642 94 44 1768.
1180 1641 55 37 He
1250 1637 195 51 composed
1462 1652 21 26 a
1500 1644 102 40 great
1619 1641 77 35 deal
1714 1642 38 34 of
1768 1641 124 36 sacred
1911 1641 127 43 music,
2057 1640 72 35 and
2146 1650 78 25 was
2242 1650 21 24 a
2279 1638 165 44 splendid
2462 1637 188 37 musician.
2767 1645 187 35 copyright,
2969 1646 75 29 1908,
3058 1646 45 34 by
3114 1649 26 30 j.
3155 1648 31 26 s.
3199 1648 118 33 James.

1577 1707 316 52 IDUMEA.
1964 1708 63 50 C.
2067 1707 81 48 M.

249 1782 197 36 ChaRI.ES
470 1781 188 38 WESEEY,
688 1779 97 32 1753.
837 1774 85 43 Key
946 1777 45 32 of
1009 1778 33 30 A
1066 1775 137 34 Minor.
1404 1786 17 13 “
1431 1787 27 24 A
1470 1784 80 27 time
1562 1787 33 24 to
1608 1784 40 26 be
1660 1785 83 26 born
1754 1784 66 26 and
1829 1792 19 18 a
1861 1784 79 27 time
1952 1787 34 24 to
1998 1783 224 30 die.”—Eccl.
2236 1784 16 26 3
2265 1792 7 18 :
2289 1784 26 25 2.
3030 1772 44 32 A.
3102 1772 231 40 DAVIDSON,
3363 1772 96 33 1817.

3312 1816 18 30 1
3433 1816 22 29 2

341 2052 30 26 i.
399 2041 83 36 And
521 2050 59 26 am
658 2039 12 36 1
755 2036 90 39 born
891 2039 38 34 to
1014 2037 71 36 die?
1118 2035 54 36 To
1188 2035 62 45 lay
1309 2035 76 38 this
1448 2034 71 37 bod
1543 2054 12 7 -
1579 2047 27 32 y
1643 2035 122 36 down!
1799 2035 84 36 And
1901 2038 100 34 must
2055 2045 63 32 my
2133 2036 91 34 trem
2242 2054 13 5 -
2270 2033 101 44 bling
2388 2033 74 44 spir
2495 2053 12 6 -
2537 2033 30 37 it
2648 2032 54 43 fly
2748 2031 39 36 In
2813 2050 11 7 ■
2848 2034 37 34 to
2962 2043 22 24 a
3044 2032 114 36 world
3174 2031 223 39 un-known?

3314 2076 19 31 1
3436 2078 22 29 2

339 2312 32 25 2.
401 2302 31 35 A
509 2300 85 37 land
640 2301 37 35 of
746 2298 87 44 deep
853 2317 12 6 -
889 2300 56 34 est
991 2296 127 45 shade,
1138 2296 217 44 Un-pierced
1373 2297 50 44 by
1439 2296 50 35 hu
1508 2315 12 7 -
1538 2307 84 24 man
1636 2296 171 44 thought;
1824 2296 79 36 The
1921 2296 101 36 drear
2039 2315 13 5 -
2069 2307 26 32 y
2156 2306 37 24 re
2225 2314 14 6 -
2271 2295 106 43 gions
2410 2294 37 36 of
2529 2294 64 36 the
2633 2293 103 44 dead,
2756 2292 137 38 Where
2910 2293 45 35 all
2968 2293 127 44 things
3113 2304 60 25 are
3189 2294 56 34 for
3262 2312 12 6 -
3291 2295 75 42 got!

3312 2338 20 31 1
3435 2340 22 29 2

347 2543 30 30 3.
406 2531 97 37 Soon
543 2540 41 26 as
623 2530 94 35 from
748 2528 101 37 earth
915 2527 11 35 I
1012 2537 59 33 go,
1094 2527 115 38 What
1225 2527 72 35 will
1339 2527 42 35 be
1399 2545 12 6 -
1428 2536 100 25 come
1575 2526 38 35 of
1690 2526 71 35 me?
1823 2524 29 36 E
1879 2545 13 5 -
1916 2528 53 33 ter
2002 2545 13 5 -
2048 2524 59 36 nal
2154 2525 73 42 hap
2253 2543 14 6 -
2291 2524 34 44 pi
2352 2543 11 6 -
2390 2534 86 26 ness
2538 2534 39 26 or
2631 2533 78 26 woe
2743 2521 102 38 Must
2861 2522 88 35 then
2984 2533 62 33 my
3084 2522 172 45 por-tion
3311 2523 56 36 be!

1830 2599 30 4 -
2170 2599 29 3 -
3312 2567 144 33 12

338 2775 33 32 4.
402 2762 146 40 Waked
566 2762 51 43 by
647 2761 63 36 the
742 2760 191 42 trum-pet
981 2758 132 44 sound,
1135 2758 11 35 I
1185 2758 93 34 from
1321 2767 62 33 my
1420 2767 113 33 grave
1551 2755 93 37 shall
1677 2756 81 42 rise;
1811 2755 82 37 And
1911 2767 59 25 see
2043 2756 63 35 the
2126 2755 118 43 Judge
2276 2755 91 36 with
2400 2753 59 44 gio
2499 2772 12 7 -
2548 2764 42 34 ry
2606 2753 181 45 crowned,
2807 2752 82 35 And
2907 2763 59 25 see
2983 2753 63 36 the
3077 2754 166 44 flam-ing
3284 2753 114 37 skies!

252 2820 80 37 The
350 2819 152 45 original
528 2819 77 38 title
621 2820 38 34 to
676 2816 105 38 these
798 2814 121 39 words
936 2825 79 26 was
1035 2812 23 17 “
1073 2813 83 37 And
1173 2813 142 37 Others
1332 2813 37 36 of
1395 2811 107 45 Riper
1520 2811 156 36 Years.”
1726 2811 68 37 See
1811 2812 143 43 history
1977 2813 37 34 of
2032 2810 162 38 Charles
2211 2810 154 45 Wesley
2381 2821 46 24 on
2445 2809 75 38 this
2538 2810 71 36 and
2627 2808 103 38 other
2746 2818 113 34 pages
2877 2809 37 34 of
2930 2808 75 37 this
3022 2809 116 35 work.
3191 2809 54 37 He
3261 2810 194 44 composed
3478 2819 88 29 over

164 2864 100 46 6,ooo
280 2865 151 44 hymns,
451 2863 72 37 and
540 2862 75 39 this
633 2873 68 25 one
719 2872 78 26 was
816 2869 133 36 among
967 2859 58 37 his
1042 2858 188 38 favorites.

253 2908 224 37 “Idumea”
504 2917 79 28 was
608 2906 141 45 printed
775 2906 35 35 in
829 2903 189 40 Walker’s
1045 2902 221 39 “Southern
1293 2898 233 48 Harmony,”
1545 2912 36 24 in
1610 2909 84 38 1835
1700 2928 9 16 >
1728 2912 92 33 page
1846 2912 61 35 31;
1978 2901 170 38 Missouri
2176 2900 203 45 Harmony,
2428 2909 35 26 in
2492 2899 97 47 1837,
2607 2908 92 35 page
2726 2908 52 35 32.
2831 2898 29 37 It
2875 2908 80 26 was
2978 2898 81 38 first
3081 2897 193 48 published
3299 2898 35 36 in
3364 2901 95 41 1817.
3511 2897 55 42 No

164 2955 95 38 trace
276 2964 67 27 can
362 2953 44 37 be
422 2952 116 38 found
555 2951 38 37 of
611 2951 44 37 A.
677 2949 208 45 Davidson,
905 2948 133 38 author
1055 2948 37 35 of
1108 2947 64 39 the
1190 2947 126 38 music.
