4004 3447
1612 435 413 59 FAIRFIELD.
2100 440 60 50 C.
2191 440 80 51 M.
3554 470 17 34 :

342 513 24 14 “
379 511 75 29 And
465 519 38 20 so
512 515 17 24 I
542 512 75 29 will
630 521 43 25 go
685 512 38 27 in
734 514 85 26 unto
830 512 57 27 the
898 509 99 40 king,
1032 533 10 10 .
1080 533 8 9 .
1123 532 9 10 .
1168 512 67 28 and
1244 512 33 29 if
1284 515 16 26 I
1312 513 126 36 perish,
1451 517 17 26 I
1479 514 127 35 perish.
1639 515 108 28 When
1761 516 57 27 the
1830 516 91 36 king
1932 524 68 20 saw
2011 517 124 30 Esther
2146 517 58 27 the
2215 525 110 26 queen
2337 519 161 34 standing
2509 517 37 29 in
2559 519 57 28 the
2628 520 107 36 court,
2747 521 76 28 that
2833 521 61 28 she
2904 521 159 31 obtained
3076 523 92 29 favor
3179 524 38 28 in
3229 524 54 29 his
3296 524 111 37 sight;
3425 528 68 29 and
3505 531 57 28 the

1100 546 88 35 king
1198 547 79 27 held
1288 549 57 26 out
1356 549 34 25 to
1402 545 122 35 Esther
1536 549 56 26 the
1604 547 123 36 golden
1741 550 131 34 sceptre
1886 551 73 26 that
1971 557 66 21 was
2050 549 36 28 in
2100 550 54 27 his
2166 549 302 35 hand.”—Esther
2479 554 35 26 4:
2532 552 49 28 16:
2605 554 78 28 5:2.

342 581 187 35 Bdmund
547 581 144 43 Jones,
717 579 101 37 1750.
867 581 87 43 Key
976 578 42 39 of
1040 582 33 33 A
1097 581 142 36 Minor.

3418 642 20 31 1
3540 644 22 31 2

329 851 29 25 i.
386 835 284 52 Come,humble
688 840 136 45 sinner,
843 841 36 35 in
895 837 127 44 whose
1039 838 122 42 breast
1177 841 31 36 A
1224 841 184 39 thousand
1425 841 179 47 thoughts
1623 844 160 45 revolve,
1803 843 132 47 Come,
1950 845 89 39 with
2057 857 91 34 your
2163 847 77 37 fear
2256 849 71 35 and
2345 849 90 43 guilt
2453 849 207 47 oppressed,

1489 887 82 36 And
1584 889 109 35 make
1708 888 76 37 this
1799 888 73 39 last
1887 890 154 45 resolve,
2060 889 225 47 Come,with
2302 903 92 33 your
2403 894 77 35 fear
2495 894 72 36 and
2584 895 92 45 guilt
2691 896 207 46 oppressed,
2918 898 83 37 And
3018 900 108 36 make
3141 901 76 36 this
3233 900 73 38 last
3322 901 152 40 resolve,
3501 903 117 39 solve.

3412 948 20 31 1
3503 950 23 30 2

323 1155 32 25 2.
386 1143 52 38 I’ll
456 1154 46 34 go
517 1146 39 35 to
574 1143 124 46 Jesus,
716 1144 144 46 though
879 1156 63 33 my
958 1143 57 40 sin
1032 1145 90 39 hath
1140 1145 73 37 like
1230 1158 21 24 a
1269 1144 186 43 mountain
1473 1157 91 35 rose;
1587 1147 11 36 I
1616 1147 112 38 know
1745 1149 58 35 his
1816 1153 134 42 courts,
1972 1149 51 38 I’ll
2041 1152 99 36 enter
2157 1150 50 47 in,

1852 1194 115 39 What
1984 1206 84 26 ever
2085 1207 86 34 may
2187 1207 147 35 oppose,
2355 1198 11 36 I
2384 1199 112 37 know
2509 1199 58 38 his
2583 1202 121 37 courts
2724 1200 52 38 I’ll
2793 1204 99 35 enter
2909 1203 50 44 in,
2978 1202 203 44 Whatever
3198 1216 85 38 may
3299 1217 145 38 oppose,
3494 1218 99 41 pose.

3410 1257 19 30 1
3532 1258 22 31 2

326 1459 31 35 3.
385 1449 13 35 I
548 1458 67 28 can
634 1448 66 39 but
715 1449 120 45 perish
854 1450 28 35 if
922 1449 12 35 I
952 1458 61 37 go,
1032 1450 14 35 I
1063 1461 57 26 am
1135 1450 167 37 resolved
1331 1453 39 34 to
1444 1453 73 44 try,
1558 1451 70 37 For
1645 1452 28 36 if
1692 1452 12 36 I
1722 1456 87 42 stay
1825 1465 109 35 away
1949 1456 13 36 I
1980 1455 113 39 know
2126 1456 13 36 I
2156 1459 100 37 must
2270 1458 143 37 forever
2429 1459 70 44 die,
2518 1457 69 39 For
2603 1461 28 36 if
2649 1462 13 36 I
2678 1464 87 44 stay
2780 1473 109 35 away
2906 1464 12 35 I
2935 1464 113 40 know
3082 1465 12 37 I
3111 1470 100 36 must
3225 1469 143 39 forever
3384 1471 67 39 die.
3501 1474 69 38 die.

3408 1517 19 29 1
3530 1519 23 30 2

243 1720 24 18 «
374 1676 164 38 Fairfield
568 1679 8 15 ’
603 1677 31 36 is
659 1679 35 35 in
722 1681 95 34 most
841 1679 37 35 of
901 1678 63 38 the
988 1679 124 39 earlier
1134 1680 240 44 publications
1398 1680 38 38 of
1459 1681 75 38 this
1557 1685 164 42 country.
1774 1684 37 35 In
1830 1684 158 37 Andrew
2013 1685 124 37 Law’s
2162 1686 132 47 books,
2312 1688 132 38 Oliver
2468 1689 178 39 Holden’s
2669 1691 138 45 works,
2828 1692 24 17 “
2868 1692 170 43 Missouri
3064 1695 234 48 Harmony,”
3318 1699 98 46 1837,
3441 1714 93 34 page
3556 1715 58 34 43;

283 1721 181 38 Southern
492 1721 231 47 Harmony,”
746 1724 96 42 1835,
861 1732 92 34 page
977 1725 56 44 48,
1052 1726 71 34 and
1148 1725 35 35 in
1205 1727 94 41 1849;
1331 1722 177 49 “Temple
1534 1726 141 44 Harp,”
1699 1728 95 42 1872,
1814 1729 71 37 and
1909 1730 123 36 earlier
2057 1729 127 46 books;
2215 1732 107 37 Little
2339 1731 36 38 &
2396 1731 155 39 Smith’s
2575 1733 239 48 publications
2832 1739 38 34 of
2890 1739 96 44 1830,
3004 1751 42 25 as
3064 1741 80 36 well
3161 1753 42 25 as
3222 1753 112 35 many
3350 1745 123 38 others
3491 1749 37 35 of
3551 1749 62 37 the

241 1767 124 37 earlier
381 1767 156 37 editions
554 1768 37 34 of
607 1767 64 36 the
688 1766 123 37 earlier
827 1774 219 37 composers.
1096 1763 170 43 Edmund
1285 1762 113 45 Jones
1414 1779 79 30 was
1510 1782 47 24 an
1584 1770 155 46 English
1767 1771 143 46 Baptist
1934 1774 175 45 minister,
2128 1775 88 38 born
2234 1778 36 34 in
2292 1788 80 32 1721
2388 1778 72 36 and
2484 1778 80 36 died
2581 1779 36 36 in
2638 1780 97 44 1765.
2785 1782 55 35 He
2856 1780 196 51 composed
3075 1786 141 37 several
3242 1786 197 48 important
3460 1791 152 46 hymns,

241 1821 69 26 one
327 1811 36 35 of
381 1811 58 35 his
466 1810 80 37 best
563 1811 30 35 is
609 1812 63 36 the
689 1810 130 38 above.
869 1807 165 52 Nothing
1050 1813 31 36 is
1098 1813 138 38 known
1254 1814 37 35 of
1306 1813 63 38 the
1385 1812 131 42 author
1532 1816 38 35 of
1585 1817 63 35 the
1666 1816 125 36 music.
1842 1817 102 38 After
1960 1831 21 24 a
1998 1820 125 37 search
2140 1820 159 46 through
2318 1832 113 36 many
2447 1822 118 38 books
2581 1834 56 27 we
2653 1824 63 39 fail
2740 1828 37 35 to
2792 1826 77 37 find
2886 1826 62 37 the
2964 1825 168 43 author’s
3149 1839 119 30 name.
3319 1832 30 39 It
3365 1834 31 37 is
3413 1846 68 26 one
3498 1837 38 37 of
3551 1837 63 39 the

241 1855 58 37 old
315 1854 133 37 church
466 1857 121 34 tunes.
1643 1868 198 40 Copyright,
1854 1873 77 34 1909,
1949 1874 43 34 by
2001 1875 29 34 J.
2044 1875 31 27 S.
2085 1875 121 35 James.

329 1966 159 34 Watts.
538 1967 134 44 Hymn
693 1968 55 42 55,
776 1966 109 34 Book
907 1968 34 34 2.
989 1968 89 46 Key
1099 1969 46 35 of
1161 1971 35 32 D
1220 1968 142 38 Minor.
1542 1944 520 63 TRIBULATION.
2135 1953 61 51 C.
2237 1956 80 49 M..
3348 1989 175 40 Chopin.

460 2247 30 26 1.
518 2235 136 48 Death,
697 2237 57 39 ’tis
800 2249 23 25 a

913 2237 237 42 mel-an-chol
1175 2261 14 6 -
1204 2253 26 32 y
1270 2241 72 45 day
1374 2241 53 38 To

1466 2243 106 38 those
1589 2244 85 36 who
1691 2245 97 36 have
1805 2256 45 26 no
1869 2245 98 43 God,

2062 2246 123 40 When
2224 2250 63 36 the
2334 2261 86 33 poor
2436 2251 79 36 soul
2537 2252 30 35 is
2583 2251 120 39 forced
2720 2264 22 26 a
2773 2273 16 8 -
2834 2266 99 35 way,
2952 2255 54 40 To
3022 2257 90 38 seek
3173 2258 64 39 her
3275 2260 72 38 last
3363 2274 21 24 a
3409 2282 15 7 -
3460 2264 102 38 bode.

453 2508 33 25 2.
513 2497 41 36 In

688 2498 88 38 vain
806 2501 39 33 to
890 2498 132 38 heav’n
1033 2500 68 37 she
1110 2500 77 39 lifts
1198 2501 67 37 her
1276 2511 100 37 eyes,
1391 2501 70 38 For
1476 2504 106 43 guilt,
1599 2516 23 24 a
1665 2503 161 47 heav-y
1884 2506 121 46 chain,

2068 2506 80 38 Still
2215 2510 112 45 drags
2342 2510 66 38 her
2422 2511 211 39 downward
2642 2513 94 37 from
2744 2514 65 37 the
2825 2514 102 38 skies
2946 2513 54 40 To
3032 2518 92 36 dark
3137 2537 12 8 -
3163 2529 86 27 ness
3264 2521 79 41 fire,
3360 2522 73 38 and
3457 2525 98 44 pain.

321 2694 149 46 Chopin
489 2707 77 26 was
592 2696 88 38 born
698 2699 35 34 in
757 2699 83 43 1809
856 2699 71 35 and
952 2699 80 36 died
1050 2701 35 34 in
1107 2702 93 43 1849.
1253 2698 54 38 He
1322 2710 79 29 was
1419 2711 67 28 one
1504 2703 37 34 of
1564 2703 62 36 the
1643 2705 102 43 great
1762 2705 155 36 masters
1934 2707 38 34 of
1997 2706 125 37 music.
2174 2707 66 38 His
2258 2708 71 37 last
2345 2709 120 37 words
2482 2720 94 27 were
2594 2711 78 37 said
2689 2717 37 32 to
2751 2713 58 35 his
2826 2713 190 48 attending
3041 2715 204 48 physician,
3267 2717 24 18 “
3307 2719 92 38 Now
3418 2732 63 34 my
3500 2723 106 38 death

233 2741 160 44 struggle
411 2739 172 47 begins.”
634 2742 54 35 He
706 2741 180 38 remained
910 2743 189 39 conscious
1115 2747 37 34 to
1169 2745 63 37 the
1256 2744 81 48 last,
1358 2743 71 42 and
1453 2746 129 46 added,
1602 2746 24 17 “
1641 2747 86 38 God
1749 2747 125 39 shows
1892 2759 85 27 man
1995 2760 77 27 rare
2095 2751 107 38 favor
2218 2753 108 37 when
2345 2752 55 39 He
2424 2755 141 38 reveals
2581 2758 38 36 to
2643 2756 76 38 him
2736 2757 64 38 the
2817 2758 161 40 moment
2993 2758 38 40 of
3054 2761 62 37 the
3134 2761 178 47 approach
3339 2766 37 33 of
3400 2765 58 38 his
3483 2767 122 38 death.

232 2781 91 40 This
342 2786 54 35 He
414 2785 126 38 shows
556 2788 37 36 to
612 2796 67 27 me.
731 2786 57 37 Do
807 2789 65 34 not
887 2786 140 40 disturb
1044 2788 101 39 me.”
