4064 3430
482 371 36 51 6
1418 352 462 58 RUDIMENTS
1950 351 96 54 OF

509 476 77 34 The
607 474 105 36 other
734 476 116 38 notes,
874 471 99 41 Faw,
996 470 75 40 Sol,
1092 470 55 35 La
1169 470 38 33 in
1229 469 61 34 the
1313 466 217 45 four-shape
1554 467 103 33 notes
1682 476 62 21 are
1770 463 117 34 called
1910 463 48 42 by
1983 470 96 25 same

415 553 126 25 names
566 544 39 32 in
628 542 61 36 the
714 540 125 36 books.
864 538 116 36 Seven
1004 538 133 47 shapes
1161 536 74 35 and
1258 537 41 33 in
1322 534 62 37 the
1410 533 118 34 round
1555 535 104 34 notes
1686 542 39 24 as
1751 530 87 46 they
1864 541 62 23 are
1952 530 37 31 in
2016 526 60 37 the

416 623 202 34 four-note.

506 701 92 32 Rest
623 707 124 26 means
770 706 128 36 pause,
919 695 143 36 silence.
1106 693 103 46 They
1231 704 63 22 are
1316 690 238 47 represented
1575 691 49 44 by
1649 689 177 35 different
1849 686 227 41 characters;

418 778 144 42 named,
580 778 115 36 whole
716 780 88 40 rest,
821 777 81 33 half
921 779 86 38 rest,
1026 775 152 45 quarter
1198 776 88 37 rest,
1303 770 125 47 eighth
1448 773 87 37 rest,
1556 768 180 36 sixteenth
1757 770 77 33 rest
1854 767 73 33 and
1947 764 132 47 thirty-

418 857 133 36 second
577 859 88 33 rest.

509 935 119 33 There
644 945 64 23 are
725 933 79 34 also
818 931 145 35 Dotted
979 933 75 31 rest
1071 927 127 37 marks
1213 927 62 36 the
1292 936 100 28 same
1409 936 41 24 as
1466 925 142 35 Dotted
1624 927 116 32 notes.
1779 922 119 35 When
1914 931 74 36 you
2006 919 75 36 add

421 1026 23 21 a
463 1013 79 34 Dot
559 1012 85 45 just
662 1012 101 34 after
781 1011 117 34 either
918 1010 42 33 of
978 1010 61 32 the
1061 1007 111 36 Rests
1193 1008 31 32 it
1244 1006 92 36 adds
1356 1004 167 35 one-half
1542 1007 39 31 to
1601 1006 49 31 its
1669 1002 137 44 length.
1850 1001 137 34 Names
2008 998 74 35 and

418 1091 179 44 positions
617 1089 42 35 of
678 1088 89 35 each
787 1088 41 33 of
846 1087 61 34 the
929 1086 110 34 Rests
1059 1095 47 23 on
1126 1085 61 33 the
1207 1083 91 33 staff
1318 1092 62 24 are
1401 1092 39 22 as
1462 1080 159 35 follows:

426 1418 219 37 Semibreve.
721 1417 152 32 Minum.
948 1414 165 34 Crochet.
1187 1414 158 41 Quaver.
1419 1410 245 45 Semiquaver.
1736 1406 347 46 Demisemiquaver.

509 1495 78 33 The
618 1493 220 42 Semibreve,
868 1490 114 36 whole
1014 1493 94 38 rest;
1142 1491 142 39 Minim,
1313 1488 82 34 half
1427 1490 87 37 rest,
1546 1486 168 41 Crochet,
1745 1485 216 34 one-fourth
1993 1484 88 40 rest,

420 1573 159 43 Quaver,
600 1571 138 46 eighth,
761 1570 247 44 Semiquaver,
1032 1567 180 38 sixteenth
1235 1567 72 34 and
1333 1565 347 45 Demisemiquaver,
1704 1562 266 45 thirty-second
1994 1562 86 34 rest.

509 1651 39 32 It
574 1650 32 32 is
630 1647 227 36 understood
882 1647 79 35 that
991 1647 100 33 there
1118 1657 61 24 are
1211 1645 113 35 Three
1352 1648 137 41 system
1513 1642 197 41 notations,
1735 1642 69 34 but
1829 1642 86 44 they
1942 1651 62 23 are
2032 1639 50 34 all

420 1729 148 36 written
587 1739 46 22 on
653 1729 60 33 the
732 1738 98 22 same
850 1724 147 47 general
1017 1727 136 43 system
1173 1724 72 33 and
1264 1722 191 47 principle.

511 1806 106 34 Four
644 1808 118 37 notes,
790 1814 109 23 seven
926 1803 132 44 shapes
1088 1802 76 34 and
1190 1802 121 34 round
1337 1805 116 36 notes,
1481 1802 63 33 the
1575 1799 89 35 four
1690 1801 88 33 note
1808 1800 146 44 system.
2008 1796 76 34 The

421 1884 94 36 head
542 1885 40 32 of
607 1883 62 35 the
695 1885 102 34 notes
826 1893 61 22 are
913 1881 139 45 shaped
1080 1891 39 24 as
1148 1880 159 34 follows:
1355 1880 54 32 Mi
1509 1880 86 32 Faw
1697 1878 63 33 Sol
1874 1878 56 32 La
2032 1876 53 34 Mi

421 1953 30 32 is
479 1951 61 35 the
565 1949 150 47 leading
739 1951 88 31 note
853 1949 73 32 and
954 1957 152 35 governs
1136 1947 61 33 the
1224 1946 104 34 other
1356 1946 113 32 three.
1521 1944 116 35 When
1664 1955 73 32 you
1764 1942 77 34 find
1869 1943 66 38 Mi,
1961 1942 33 32 if
2020 1940 61 35 the

421 2020 105 39 notes
551 2027 64 25 are
641 2015 110 46 going
776 2026 50 33 up
852 2016 61 32 the
940 2015 94 33 scale
1062 2014 86 43 they
1175 2012 157 45 proceed
1357 2013 38 32 in
1423 2012 94 32 their
1545 2010 148 45 regular
1719 2008 122 42 order,
1867 2009 101 33 thus:
2016 2006 66 42 Mi,

431 2084 65 42 Fa,
516 2083 74 41 Sol,
609 2083 67 41 La,
697 2083 65 40 Fa,
783 2082 74 40 Sol,
877 2082 66 39 La,
964 2082 63 32 Mi.
1071 2079 120 46 Going
1213 2079 116 40 down,
1349 2079 67 39 Mi,
1434 2079 67 38 La,
1522 2078 74 40 Sol,
1618 2078 64 32 Fa.

511 2150 118 33 When
659 2159 106 26 seven
795 2149 138 43 shaped
961 2148 140 33 headed
1132 2150 102 32 notes
1265 2158 62 22 are
1357 2146 89 33 used
1476 2146 84 42 they
1591 2156 62 25 are
1682 2155 39 22 as
1752 2143 159 34 follows:
1963 2140 120 47 Going

422 2229 51 34 up
491 2217 62 35 the
570 2216 96 35 scale
683 2215 85 47 they
787 2226 63 22 are
867 2216 79 40 Do,
1008 2216 80 39 Ra,
1139 2214 77 43 Mi,
1269 2214 74 40 Fa,
1405 2213 88 39 Sol,
1543 2212 80 41 La,
1680 2211 58 42 Si,
1790 2210 73 34 and
1880 2211 70 38 Do,
1967 2207 122 47 again.

431 2283 122 48 Going
582 2283 116 42 down,
727 2283 61 33 the
818 2283 109 33 order
955 2279 213 37 isreversed.

515 2351 116 35 These
661 2352 103 33 notes
794 2350 91 32 have
916 2349 62 32 for
1006 2358 108 35 years
1145 2347 92 35 been
1266 2346 117 34 called
1414 2349 130 40 patent
1578 2348 114 30 notes.
1747 2345 39 35 It
1815 2354 74 26 was
1920 2341 162 37 believed

428 2417 84 36 that
534 2418 105 33 Jesse
663 2419 42 32 B.
729 2417 114 32 Aikin
865 2415 174 33 obtained
1061 2426 21 21 a
1104 2415 133 46 patent
1258 2425 48 22 on
1329 2413 110 40 them,
1461 2413 70 32 but
1553 2411 101 35 after
1679 2412 72 35 full
1773 2411 260 47 investigation
2057 2411 31 32 it

423 2484 66 36 has
512 2483 94 35 been
628 2482 231 37 ascertained
880 2482 83 34 that
986 2493 46 21 no
1055 2482 133 45 patent
1211 2490 74 24 was
1308 2490 85 23 ever
1417 2478 175 35 obtained
1615 2478 118 34 under
1756 2478 61 35 the
1840 2479 133 43 patent
1994 2476 88 34 laws

425 2554 41 33 of
491 2552 61 35 the
579 2551 138 36 United
743 2551 123 34 States
893 2554 40 29 at
958 2547 254 46 Washington,
1236 2549 46 32 D.
1309 2548 38 34 C.

516 2619 75 32 The
615 2617 117 36 round
755 2620 84 30 note
862 2618 136 43 system
1019 2617 31 32 is
1073 2614 143 47 exactly
1239 2615 72 33 like
1332 2613 62 36 the
1419 2623 107 24 seven
1548 2611 114 48 shape
1685 2614 87 34 note
1794 2613 137 46 system
1956 2613 128 44 except

426 2686 51 34 all
503 2685 43 36 of
568 2686 50 32 its
644 2686 87 34 note
756 2684 113 33 heads
896 2694 64 25 are
985 2683 148 34 written
1159 2681 129 36 round.

517 2751 120 35 Tunes
660 2752 148 35 written
828 2752 38 31 in
889 2750 86 33 four
997 2750 73 33 and
1092 2758 106 26 seven
1221 2749 111 45 shape
1354 2751 86 31 note
1462 2749 147 44 system,
1629 2757 74 35 you
1724 2756 68 25 can
1814 2746 64 36 tell
1899 2746 60 35 the
1980 2755 105 25 name

426 2821 43 33 of
490 2818 61 36 the
574 2821 103 34 notes
700 2818 48 46 by
772 2818 61 33 the
854 2817 161 45 position
1035 2816 87 45 they
1145 2826 139 36 occupy
1308 2826 46 23 on
1376 2815 60 35 the
1461 2815 102 33 staff.
1609 2814 88 35 And
1719 2813 77 36 also
1820 2813 48 46 by
1890 2814 60 33 the
1974 2812 111 47 shape

425 2887 43 34 of
484 2887 61 34 the
563 2884 95 36 head
676 2887 41 31 of
735 2885 61 33 the
814 2887 114 30 notes.

517 2951 119 36 When
658 2950 120 37 round
798 2954 104 30 notes
924 2959 63 24 are
1010 2950 90 33 used
1120 2960 74 34 you
1217 2960 68 22 can
1307 2948 84 44 only
1412 2948 105 33 know
1539 2947 61 35 the
1621 2957 124 25 names
1767 2949 42 34 of
1831 2947 62 33 the
1914 2949 104 32 notes
2041 2955 46 24 on

431 3021 156 36 account
609 3018 42 36 of
670 3017 61 38 the
751 3018 163 46 position
932 3016 88 50 they
1040 3025 141 41 occupy
1202 3026 47 23 on
1269 3015 61 38 the
1351 3015 103 38 staff,

2114 346 257 60 MUSIC.
2510 345 356 53 Continued.

2889 452 193 36 LESSON
3112 451 30 34 I.

2775 532 118 34 LAW
2921 530 65 35 OF
3014 529 186 35 SOUND.

2252 607 30 32 1.
2310 603 108 35 What
2442 604 30 34 is
2496 603 138 35 sound?

2249 674 35 32 A
2304 672 116 34 sound
2439 673 30 33 is
2488 671 179 44 anything
2686 670 72 33 and
2776 665 216 48 everything
3012 664 156 34 audible.
3213 663 37 34 It
3268 663 31 35 is
3318 660 111 42 noise,
3449 661 140 44 report,
3608 657 61 36 the
3690 655 127 46 object

2162 742 41 33 of
2230 740 163 45 hearing,
2422 750 21 22 a
2472 737 182 35 vibration
2684 736 40 33 of
2753 735 59 34 the
2843 734 65 39 air,
2937 732 134 35 caused
3098 731 49 46 by
3176 741 23 22 a
3227 728 162 35 collision
3419 727 41 34 of
3487 725 126 36 bodies
3643 735 41 23 or
3713 723 104 34 other

2163 817 135 34 means,
2319 805 188 37 sufficient
2526 808 37 30 to
2585 804 112 34 effect
2716 803 61 33 the
2798 799 173 47 auditory
2990 808 138 25 nerves.
3172 796 124 35 Sound
3316 797 29 33 is
3365 795 61 35 the
3446 796 99 33 noise
3563 792 190 46 produced
3772 790 48 48 by

2166 871 48 34 all
2233 869 186 46 vibrating
2437 867 136 35 bodies.

2253 939 33 32 2.
2313 936 108 33 What
2443 933 31 35 is
2495 945 23 22 a
2538 931 154 36 musical
2710 930 121 34 sound
2851 928 74 36 and
2945 927 100 37 what
3063 928 33 33 is
3116 928 33 34 it
3168 924 140 36 called?
3352 924 39 34 It
3411 925 31 33 is
3463 921 120 37 called
3602 922 40 33 in
3661 919 117 36 music
3800 929 23 22 a

2167 1006 95 34 tone.

2254 1073 32 31 3.
2312 1071 94 32 How
2437 1069 30 34 is
2499 1079 22 22 a
2550 1067 153 35 musical
2734 1065 118 34 sound
2883 1073 42 24 or
2954 1066 86 32 tone
3070 1059 210 49 produced?
3335 1058 37 35 It
3401 1058 31 35 is
3461 1056 190 47 produced
3681 1056 50 45 by
3761 1054 60 35 the

2165 1136 202 39 vibrations
2389 1136 42 34 of
2454 1135 188 35 sonorious
2664 1132 226 41 substances,
2912 1130 88 34 such
3022 1140 41 25 as
3086 1139 47 22 an
3157 1138 115 33 organ
3294 1125 99 46 pipe,
3415 1124 150 46 strings,
3586 1124 99 39 wire,
3706 1122 118 41 reeds,

2165 1209 80 40 etc.,
2267 1204 72 34 and
2361 1203 61 35 the
2445 1202 135 35 human
2601 1200 109 34 voice.

2253 1273 31 32 4.
2310 1269 112 36 What
2445 1270 30 33 is
2499 1270 61 32 the
2581 1268 134 33 human
2740 1268 98 31 voice
2863 1264 101 35 when
2990 1263 148 46 applied
3163 1265 38 30 to
3225 1260 136 34 music?
3408 1259 76 35 The
3507 1259 99 34 voice
3631 1257 103 34 when
3758 1267 46 34 ap

2165 1338 100 48 plied
2291 1342 37 30 to
2355 1338 114 33 music
2496 1335 216 34 constitutes
2738 1334 61 33 the
2825 1333 103 33 tones
2956 1342 40 21 or
3021 1328 136 36 sounds
3183 1326 188 47 produced
3397 1326 48 45 by
3472 1327 60 35 the
3559 1325 102 34 vocal
3689 1333 133 36 oigans

2255 1408 31 30 5.
2311 1405 111 33 What
2439 1404 30 33 is
2488 1403 60 33 the
2567 1401 198 34 difference
2785 1398 161 35 between
2964 1397 151 34 musical
3135 1395 146 39 sounds,
3300 1405 40 22 or
3359 1396 115 37 tones,
3494 1393 72 33 and
3585 1403 98 22 mere
3702 1391 121 33 noise?

2166 1475 64 33 All
2250 1473 135 33 sounds
2407 1480 62 23 are
2490 1471 61 32 the
2574 1468 116 34 result
2711 1467 41 32 of
2775 1464 245 48 atmospheric
3040 1462 201 35 vibrations
3264 1460 180 46 affecting
3465 1460 60 34 the
3547 1470 75 23 ear.
3665 1457 159 35 Musical

2165 1540 113 35 sunds
2311 1550 41 22 or
2386 1541 101 30 tones
2521 1548 61 21 are
2613 1534 189 47 produced
2835 1533 47 42 by
2917 1530 146 46 regular
3095 1529 214 39 vibrations,
3341 1527 73 34 and
3448 1528 111 33 differ
3593 1526 97 33 from
3722 1533 98 25 mere

2167 1608 111 41 noise,
2299 1606 117 33 whose
2437 1603 202 35 vibrations
2663 1611 62 24 are
2746 1598 184 46 irregular
2950 1599 74 33 and
3045 1595 189 44 confused.

2254 1677 30 30 6.
2310 1673 95 33 How
2425 1671 85 35 does
2530 1672 59 32 the
2609 1668 102 46 pitch
2731 1668 41 41 of
2791 1678 22 20 a
2833 1664 152 36 musical
3005 1669 82 29 tone
3109 1663 92 34 rise?
3245 1662 76 34 The
3339 1661 103 47 pitch
3461 1662 41 33 of
3523 1672 22 23 a
3563 1660 154 34 musical
3735 1660 86 34 tone

2164 1741 91 37 rises
2279 1741 38 32 in
2339 1738 218 46 proportion
2580 1739 38 31 to
2642 1735 60 35 the
2726 1733 163 44 rapidity
2916 1732 40 43 of
2980 1732 58 32 the
3062 1728 201 35 vibrations
3286 1728 82 35 that
3379 1730 177 44 produced
3571 1732 34 31 it.

2265 1810 31 33 7.
2321 1808 96 33 How
2445 1806 47 33 do
2521 1816 53 22 we
2601 1803 166 46 perceive
2796 1801 125 33 tones?
2973 1800 118 31 Tones
3121 1807 64 24 are
3213 1794 192 47 perceived
3434 1796 50 44 by
3513 1796 60 33 the
3602 1795 136 32 human
3767 1803 64 25 ear

2176 1877 156 46 ranging
2359 1875 96 32 from
2483 1872 113 33 about
2622 1869 139 35 sixteen
2787 1865 203 36 vibrations
3014 1867 39 31 in
3080 1876 21 21 a
3128 1863 133 34 second
3286 1865 40 31 to
3353 1860 127 48 nearly
3504 1861 105 45 forty
3638 1859 193 43 thousand,

2173 1953 98 26 more
2302 1942 90 33 than
2417 1940 125 36 eleven
2569 1939 157 33 octaves.

2262 2001 30 31 8.
2320 1998 92 32 How
2443 2005 109 34 many
2582 1995 144 33 octaves
2758 2002 62 23 are
2850 1988 91 37 used
2970 1990 38 33 in
3037 1989 136 33 music?
3227 1986 76 36 The
3333 1985 81 35 best
3444 1983 216 36 authorities
3690 1983 65 35 tell
3785 1992 42 23 us

2171 2055 100 36 there
2299 2065 61 23 are
2388 2052 84 44 only
2499 2052 112 32 about
2637 2059 108 24 seven
2767 2048 158 34 octaves.

2260 2112 29 31 9.
2316 2110 43 33 In
2386 2107 108 36 order
2519 2110 38 32 to
2583 2104 228 37 understand
2836 2102 127 42 music,
2998 2109 26 29 it
3062 2106 30 32 is
3122 2108 192 36 necessary
3339 2098 39 33 to
3405 2095 110 46 study
3543 2095 60 36 the
3630 2094 138 35 science
3795 2095 42 41 of

2176 2166 220 35 accoustics?
2449 2163 75 35 The
2552 2163 137 33 science
2720 2161 41 42 of
2788 2158 199 36 accoustics
3015 2159 30 32 is
3072 2157 42 32 of
3140 2154 191 44 profound
3357 2151 106 36 value
3491 2156 39 31 to
3559 2163 73 36 any
3659 2162 66 23 one
3754 2150 78 33 who

2175 2223 119 35 would
2316 2224 86 42 gain
2424 2232 45 21 an
2490 2219 137 45 insight
2647 2219 77 33 into
2745 2218 60 32 the
2828 2217 197 37 structure,
3047 2216 59 30 art
3127 2212 72 32 and
3221 2211 138 35 science
3381 2210 42 34 of
3442 2210 125 35 music.

2265 2276 323 37 NoteTeachers
2623 2273 130 35 should
2787 2282 58 25 see
2879 2274 39 31 to
2950 2272 29 33 it
3012 2271 80 33 that
3126 2270 93 32 their
3252 2267 124 45 pupils
3410 2266 227 35 understand
3670 2266 60 34 the
3764 2264 68 33 law

2174 2336 42 34 of
2244 2334 209 36 accoustics.
2505 2333 36 33 It
2567 2332 65 33 has
2661 2329 91 35 been
2781 2327 144 47 greatly
2953 2326 189 45 neglected
3169 2326 37 31 in
3236 2325 123 44 giving
3386 2323 237 34 instructions
3651 2323 37 33 in
3717 2320 114 34 music

2171 2390 150 37 lessons.

2265 2445 195 34 Vibration
2490 2444 32 34 is
2553 2445 60 32 the
2648 2441 199 36 tremulous
2879 2438 141 36 motion
3052 2439 41 42 of
3126 2438 58 34 the
3217 2437 56 32 air
3303 2436 49 44 by
3384 2434 114 35 which
3531 2433 117 36 sound
3680 2435 30 32 is
3742 2442 70 35 pro

2172 2502 135 43 duced;
2337 2503 59 31 the
2421 2499 119 36 sound
2566 2500 110 43 being
2703 2507 109 34 grave
2838 2507 44 22 or
2909 2497 105 33 acute
3042 2506 40 22 as
3109 2494 61 34 the
3198 2492 201 34 vibrations
3428 2502 62 24 are
3521 2491 112 35 fewer
3659 2501 43 22 or
3728 2498 100 27 more

2171 2568 194 29 numerous
2393 2560 38 31 in
2459 2567 21 23 a
2508 2557 106 44 given
2642 2555 97 34 time.

2264 2617 51 32 10.
2340 2615 111 33 What
2478 2612 85 34 does
2592 2610 183 34 accoustic
2800 2607 128 35 mean?
2978 2604 198 38 Accoustic
3201 2614 126 24 means
3355 2602 58 34 the
3441 2601 138 35 science
3608 2602 41 42 of
3674 2600 156 43 sounds;

2170 2673 64 36 the
2257 2671 139 35 science
2420 2669 164 45 treating
2608 2669 41 32 of
2670 2668 62 33 the
2757 2666 87 34 laws
2867 2665 42 43 of
2932 2662 129 37 sound.
3109 2663 74 34 For
3209 2660 146 35 further
3380 2658 190 35 definition
3594 2669 59 24 see
3678 2657 151 36 Groves

2172 2741 42 24 or
2247 2729 132 34 Elsons
2411 2726 130 35 Music
2572 2723 257 36 Dictionaries.

2262 2787 51 31 11.
2337 2785 113 32 What
2469 2783 29 33 is
2520 2782 60 32 the
2603 2778 199 36 difference
2823 2776 163 37 between
3006 2787 22 22 a
3046 2773 154 37 musical
3217 2777 86 32 tone
3324 2783 42 24 or
3387 2773 116 34 sound
3524 2784 41 22 or
3587 2783 47 22 an
3654 2770 175 46 ordinary

2170 2842 139 37 sound?
2355 2842 36 32 A
2414 2838 154 35 musical
2591 2840 86 31 tone
2700 2846 42 22 or
2768 2835 117 33 sound
2910 2834 130 34 differs
3066 2833 98 33 from
3188 2842 47 22 an
3259 2829 175 46 ordinary
3457 2829 118 34 sound
3599 2830 36 31 in
3660 2830 83 32 this.
3791 2827 36 33 A

2169 2897 155 37 musical
2340 2896 117 35 sound
2474 2905 43 23 or
2533 2898 85 30 tone
2635 2894 31 33 is
2683 2891 159 46 regular,
2860 2890 143 34 smooth
3021 2890 73 33 and
3110 2898 100 24 even.
3229 2887 113 34 Noise
3359 2886 31 32 is
3408 2884 194 47 irregular,
3620 2885 117 44 rough
3754 2882 76 34 and

2171 2964 157 34 uneven;
2360 2954 60 33 the
2451 2951 82 35 first
2565 2950 97 44 gives
2692 2948 80 45 joy,
2801 2946 170 45 pleasure
3004 2946 72 33 and
3106 2944 234 35 satisfaction
3370 2945 38 30 to
3441 2943 60 32 the
3532 2942 163 44 hearing,
3726 2939 103 35 while

2189 3012 59 38 the
2273 3010 105 36 other
2400 3009 65 35 has
2489 3007 61 36 the
2573 3015 144 26 reverse
2739 3003 114 38 effect
2878 3012 45 24 on
2948 3002 59 34 the
3030 3000 153 45 hearing
3206 3000 73 37 ajid
3303 3001 29 31 is
3358 2999 148 45 grating
3530 3001 38 30 to
3592 2997 60 34 the
3678 3007 102 24 sense
3805 2996 41 37 of
