4027 3432
1633 385 246 60 CHINA.
1951 389 60 53 C.
2041 388 84 53 M.

1014 471 18 15 •<
1041 469 74 29 And
1125 468 60 28 she
1196 468 88 27 went
1295 463 66 29 and
1372 463 70 29 told
1452 462 93 29 them
1556 461 73 28 that
1640 459 66 27 had
1716 457 84 31 been
1812 457 81 29 with
1904 455 81 35 him,
1999 462 36 20 as
2045 454 80 34 they
2137 451 160 30 mourned
2306 451 65 28 and
2381 446 268 40 wept.”—Mark
2665 446 50 28 16:
2734 444 44 30 10.

303 516 120 38 Isaac
446 514 164 42 Watts,
628 509 98 38 1707.
776 509 86 45 Key
877 507 41 37 of
933 508 33 32 D
984 504 136 46 Major.

3519 379 75 50 37

2858 475 200 36 Timothy
3082 473 164 41 Swann,
3270 469 118 35 about
3404 468 96 36 1790.

350 769 28 23 i.
409 754 103 46 Why
529 754 44 36 do
620 763 55 25 we
694 760 126 28 mourn
839 742 142 54 de-part
999 766 11 6 -
1029 746 61 45 ing
1106 744 151 44 friends,
1279 740 56 37 Or
1353 738 117 39 shake
1502 741 38 34 at
1557 735 143 37 death’s
1718 746 22 25 a
1757 752 12 8 -
1785 732 126 39 larms?
1930 729 80 41 ’Tis
2026 731 66 36 but

2181 728 63 38 the
2282 726 103 38 voice
2400 725 84 37 that

2561 722 44 37 Je
2629 742 14 5 -
2668 732 65 24 sus
2750 718 125 45 sends,
2894 715 71 37 To'
2980 715 66 37 call
3085 715 100 36 them
3201 715 39 34 to
3300 712 60 35 his
3436 717 110 27 arms.

347 999 33 24 2.
411 985 105 45 Why
532 982 132 38 should
681 992 55 26 we
752 976 165 43 trem-ble
934 980 37 34 to
1017 984 162 36 con-vey
1195 971 110 37 Their
1323 969 68 37 bod
1438 988 14 6 -
1499 967 51 36 ies
1612 968 38 34 to
1689 963 62 38 the
1790 961 117 39 tomb?
1925 959 117 39 There
2059 959 62 36 the
2162 957 83 37 dear
2290 955 92 38 flesh
2403 954 37 36 of

2549 951 43 37 Je
2616 970 13 7 -
2654 960 64 26 sus
2765 948 73 43 lay,
2858 946 82 36 And
2957 947 78 35 scat
3052 963 12 5 -
3080 943 99 37 tered
3197 940 45 38 all
3281 940 63 37 the
3428 935 132 47 gloom.

350 1228 31 32 3.
412 1214 145 37 Thence
574 1212 54 37 He
642 1224 21 24 a
678 1230 11 7 ■
707 1220 93 34 rose,
818 1219 41 25 as
874 1227 12 6 -
899 1206 89 38 cend
1007 1225 12 5 -
1035 1205 63 44 ing
1114 1202 105 45 high,
1239 1200 83 37 And
1338 1197 151 38 showed
1506 1206 64 26 our
1585 1196 75 35 feet
1689 1192 63 37 the
1799 1202 95 35 way;
1916 1188 59 46 Up
2035 1192 38 33 to

2185 1186 63 38 the
2296 1184 93 36 Lord
2420 1193 57 25 we
2551 1182 61 35 too
2659 1178 94 37 shall
2768 1177 54 42 fly
2884 1177 49 34 At
2977 1174 64 37 the
3081 1174 101 42 great
3197 1170 49 37 ris
3263 1188 13 6 -
3293 1168 63 45 ing
3447 1166 85 44 day.

310 1445 177 45 Timothy
513 1441 137 39 Swann
675 1450 78 27 was
779 1439 88 37 born
896 1438 83 42 1758
1004 1436 35 34 in
1067 1431 219 46 Worcester,
1314 1427 131 46 Mass.,
1464 1427 79 35 died
1568 1426 35 34 in
1629 1421 183 47 Sheffield,
1832 1419 144 44 Conn.,
1999 1420 94 41 1842.
2145 1417 54 34 He
2223 1425 78 27 was
2327 1412 217 44 self-taught
2569 1411 34 34 in
2623 1408 126 44 music,
2775 1404 87 45 only
2878 1403 139 45 having
3035 1401 169 39 attended
3221 1411 21 25 a
3258 1408 125 27 course
3401 1396 37 36 of
3455 1395 140 38 studies

219 1493 55 36 for
297 1491 100 37 three
421 1488 127 36 weeks
573 1486 36 37 in
636 1498 21 24 a
681 1488 152 41 country
857 1478 149 50 singing
1029 1478 124 37 school
1177 1479 39 33 at
1240 1473 154 39 Groton.
1444 1471 125 41 When
1593 1469 47 36 he
1655 1477 80 27 was
1759 1464 141 39 sixteen
1925 1471 106 37 years
2048 1463 38 34 of
2109 1471 69 33 age
2193 1460 46 36 he
2257 1458 131 37 moved
2403 1461 38 32 to
2461 1453 213 47 Northfield,
2694 1451 115 38 Mass.
2860 1449 54 34 He
2930 1458 79 26 was
3026 1458 22 26 a
3064 1447 119 35 hatter
3199 1446 50 42 by
3264 1445 114 41 trade,
3397 1445 73 33 and
3487 1445 109 32 while

221 1535 162 46 engaged
409 1534 35 36 in
470 1532 75 38 this
571 1528 184 46 business,
774 1525 142 40 studied
942 1523 113 38 music
1078 1522 56 36 for
1158 1531 86 27 over
1267 1518 115 44 thirty
1405 1527 119 34 years.
1575 1514 54 36 He
1654 1512 112 37 wrote
1791 1510 72 36 and
1886 1506 134 47 taught
2044 1506 114 36 music
2182 1504 35 37 in
2245 1503 90 38 New
2361 1499 179 47 England.
2592 1497 114 45 Many
2730 1496 37 36 of
2791 1496 58 33 his
2874 1495 107 34 tunes
2998 1502 94 26 were
3108 1490 191 45 published
3324 1491 71 31 and
3413 1490 72 32 had
3502 1490 94 31 wide

220 1578 216 40 circulation.
489 1576 55 37 He
568 1585 79 27 was
671 1587 21 24 a
717 1573 129 44 genius
871 1570 36 37 in
931 1569 58 37 his
1013 1578 97 34 way.
1160 1565 68 37 His
1251 1565 109 36 tunes
1383 1571 95 27 were
1502 1556 223 40 remarkable
1747 1555 58 36 for
1828 1554 94 36 their
1945 1549 220 47 originality,
2182 1549 73 37 and
2271 1547 202 45 singularly
2496 1543 124 37 unlike
2645 1553 75 33 any
2742 1540 104 36 other
2870 1535 181 39 melodies.
3143 1534 150 59 China^
3327 1542 31 24 is
3383 1540 67 27 one
3476 1534 36 31 of
3537 1534 59 30 his

223 1622 280 47 master-pieces,
524 1621 71 37 and
620 1617 195 39 illustrates
840 1614 59 38 his
925 1610 220 42 self-culture
1170 1611 35 35 in
1229 1609 63 37 the
1316 1608 55 35 art
1394 1606 38 36 of
1456 1615 105 33 song.
1614 1602 30 37 It
1667 1602 31 35 is
1722 1599 140 46 printed
1887 1598 35 35 in
1950 1606 92 34 song
2068 1595 116 36 books
2209 1593 37 35 of
2271 1592 102 43 Law,
2392 1588 144 44 Mason,
2557 1586 165 45 Billings,
2744 1584 152 42 Swann,
2916 1580 151 39 Holden.
3120 1580 37 34 In
3182 1579 63 37 the
3309 1579 171 35 Missouri
3507 1579 75 31 Har­

223 1667 152 48 mony,”
398 1669 97 42 1837,
515 1660 218 42 “Southern
760 1656 231 51 Harmony,”
1014 1658 97 43 1835,
1129 1654 72 37 and
1225 1653 47 36 all
1296 1651 108 45 along
1426 1650 94 36 from
1548 1650 83 40 1807
1656 1656 48 32 up
1726 1647 38 34 to
1787 1643 64 38 the
1874 1641 159 47 present,
2054 1639 72 36 and
2150 1648 79 27 was
2245 1637 78 36 also
2346 1633 142 46 printed
2511 1633 37 35 in
2571 1632 64 38 the
2691 1629 131 37 Sacred
2847 1627 112 44 Harp,
3008 1634 35 27 in
3066 1625 96 42 1844,
3181 1625 51 41 by
3254 1625 123 34 White
3394 1624 72 32 and
3486 1624 107 38 King.

223 1713 80 38 The
326 1712 88 45 only
438 1720 94 35 song
556 1708 97 38 book
677 1707 47 37 he
748 1716 86 26 ever
857 1701 193 47 published
1074 1711 80 28 was
1179 1697 25 18 “
1217 1696 80 37 The
1323 1694 91 40 New
1438 1692 170 46 England
1632 1686 231 50 Harmony,”
1894 1696 62 33 104
1977 1694 125 35 pages.

1585 1762 436 62 LIVERPOOL.
2095 1762 62 51 C.
2186 1761 83 50 M.

311 1860 87 43 Key
412 1856 42 36 of
469 1857 32 33 F
517 1854 133 47 Major,
1275 1852 21 13 “
1307 1848 194 32 Remember
1512 1855 75 19 now
1599 1846 60 34 thy
1670 1844 132 28 Creator
1812 1841 36 29 in
1860 1842 57 26 the
1928 1841 83 34 days
2021 1839 39 27 of
2067 1839 61 34 thy
2138 1835 275 38 youth.”—Eccl.
2433 1836 33 25 12
2477 1842 8 20 :
2501 1833 26 28 1.
3163 1815 54 34 M.
3236 1812 40 35 C.
3296 1810 49 35 H.
3366 1811 138 33 DAVIS.

362 2129 30 24 i.
420 2115 134 46 Young
569 2111 141 48 peo-ple
726 2112 61 43 all,
804 2111 139 35 at-ten
961 2127 13 5 -
989 2107 78 36 tion
1083 2104 100 44 give,
1196 2101 83 37 And
1294 2100 89 36 hear
1397 2097 105 39 what
1518 2097 13 36 I
1570 2095 94 37 shall
1681 2105 79 34 say;
1945 2090 12 35 I
2030 2088 95 37 wish
2139 2097 92 35 your
2248 2086 100 36 souls
2363 2085 92 37 with
2475 2080 132 40 Christ
2621 2084 38 34 to
2678 2081 70 35 live
2783 2080 38 34 In
2938 2088 46 25 ev
3009 2096 15 5 -
3048 2074 124 38 er-last
3189 2093 13 5 -
3218 2072 62 45 ing
3309 2071 83 43 day.
3457 2068 83 44 day.

3327 2119 19 25 JL

3332 2330 19 30 1
3484 2329 22 30 2

368 2574 32 23 2.
429 2557 243 41 Re-mem-ber
703 2567 73 34 you
809 2565 59 25 are
884 2548 205 48 hast-’ning
1107 2559 46 25 on
1195 2547 54 36 To
1264 2543 145 40 death’s
1423 2542 103 46 dark,
1546 2539 162 47 gloom-y
1724 2536 125 45 shade;
1917 2535 97 37 Your
2060 2533 83 44 joys
2174 2541 47 26 on
2240 2531 100 36 earth
2380 2529 74 36 will
2471 2537 89 26 soon
2582 2525 44 36 be
2643 2536 107 33 gone,
2771 2523 99 35 Your
2929 2520 93 37 flesh
3056 2520 36 35 in
3110 2519 86 36 dust
3227 2516 43 37 be
3309 2515 82 36 laid.
3463 2513 83 36 laid.

3335 2563 19 26 JL

325 2792 78 38 The
427 2791 117 37 above
567 2787 116 47 hymn
707 2797 79 27 was
809 2783 115 38 found
948 2783 37 35 in
1051 2778 168 40 Mercer’s
1244 2773 195 48 Cluster,”
1456 2783 93 35 page
1577 2770 74 43 146,
1669 2767 139 37 headed
1833 2764 175 38 “Solemn
2029 2762 202 38 Addresses
2247 2764 38 33 to
2303 2759 133 43 Young
2455 2754 171 46 People.”
2676 2753 91 36 This
2786 2753 30 35 is
2832 2752 63 36 the
2911 2749 94 38 third
3022 2746 142 40 revised
3182 2747 131 38 edition
3332 2745 37 35 of
3394 2743 78 38 said
3498 2742 107 37 book.

238 2836 87 40 Rev.
348 2836 106 38 Jesse
481 2832 135 41 Mercer
639 2833 37 35 of
702 2828 212 47 Howellton,
934 2825 89 46 Ga.,
1042 2835 78 27 was
1138 2823 62 38 the
1216 2821 112 38 editor
1345 2819 34 35 in
1402 2818 96 45 1823.
1547 2815 79 38 The
1642 2812 115 47 hymn
1775 2811 69 37 has
1862 2809 175 44 appeared
2055 2808 35 35 in
2108 2805 140 39 several
2265 2806 114 42 hymn
2398 2802 130 44 books,
2548 2801 64 36 but
2629 2808 93 27 none
2740 2798 38 35 of
2801 2797 100 36 them
2920 2795 83 44 give
3027 2793 62 39 the
3106 2791 131 39 author
3254 2802 17 23 s
3291 2800 104 26 name
3413 2799 39 25 or
3468 2791 81 33 date
3575 2792 35 30 of

236 2882 61 38 the
320 2881 128 46 hymn.
501 2880 30 37 It
555 2880 32 35 is
611 2875 176 48 probably
810 2885 47 25 an
883 2869 155 49 English
1065 2866 223 49 production.
1337 2863 25 18 “
1376 2858 233 48 Liverpool,”
1628 2859 32 36 is
1684 2854 156 41 credited
1862 2858 38 33 to
1927 2852 50 37 M.
1998 2851 50 38 C.
2070 2851 46 36 H.
2138 2849 131 38 Davis.
2321 2849 29 35 It
2366 2857 152 34 appears
2535 2846 35 34 in
2587 2845 63 36 the
2669 2842 23 18 “
2708 2841 130 37 Sacred
2857 2838 142 46 Harp,”
3018 2837 50 45 by
3087 2837 126 39 White
3231 2835 70 37 and
3323 2838 107 39 King,
3451 2843 33 24 in
3515 2836 94 38 1844,

237 2926 70 39 and
332 2927 87 37 later
443 2923 166 48 editions;
640 2917 220 43 “Southern
887 2911 232 50 Harmony,”
1148 2914 97 45 1837,
1263 2921 93 33 page
1384 2918 31 35 1,
1432 2906 90 38 with
1546 2904 46 38 all
1616 2902 63 39 the
1702 2910 127 29 verses
1855 2899 36 35 in
1915 2898 64 37 the
2002 2896 129 46 hymn;
2167 2894 71 38 and
2262 2895 36 35 in
2322 2894 63 35 the
2411 2887 230 41 “Christian
2677 2884 231 46 Harmony,”
2943 2884 48 43 by
3023 2880 167 46 Walker,
3216 2881 36 36 in
3289 2881 95 39 i860,
3411 2887 91 35 page
3535 2881 74 39 583.

237 2970 33 40 It
291 2970 77 39 also
392 2971 71 37 has
488 2968 90 38 been
602 2966 142 46 printed
768 2964 36 37 in
829 2975 22 25 a
874 2962 103 47 great
1001 2957 152 40 number
1177 2957 38 36 of
1238 2955 89 37 later
1350 2950 132 41 books.
