4004 3406
455 347 74 65 84

544 482 87 44 Key
647 480 45 38 of
703 482 32 32 A
753 478 132 46 Major.

1742 324 511 61 MOUNTVILLE.
2325 341 89 49 7s,
2454 325 90 51 6s.

1607 434 119 32 “I/Jok
1739 436 58 25 not
1808 433 82 27 thou
1901 437 90 28 upon
2001 430 59 28 the
2071 430 87 26 wine
2170 429 96 27 when
2279 429 26 26 it
2315 428 28 27 is
2355 424 233 32 red.”—Prov.
2600 425 49 26 23:
2667 423 35 28 31

596 776 27 25 i.
652 757 242 56 Throughout
907 771 63 26 our
984 758 240 45 wide-spread
1238 758 125 41 union,
1382 756 117 38 What
1511 753 171 44 cheering
1695 762 126 26 scenes
1835 751 107 43 arise,
1958 750 80 36 The
2050 746 222 46 temp’rance
2284 746 74 43 flag
2373 746 30 35 is
2413 743 123 44 waving
2548 740 193 42 Where’er
2752 751 56 25 we
2818 741 84 35 turn
2913 749 66 25 our
2991 747 101 34 eyes,
3109 736 129 45 Bright
3249 737 36 33 in
3294 736 63 35 the
3374 731 117 43 South
3507 733 60 37 ’tis
3580 731 167 46 floating,
3761 730 81 40 The

644 1600 115 41 North
777 1601 70 36 has
864 1600 117 36 raised
999 1600 27 35 it
1101 1597 105 44 high,

1330 1594 80 36 The
1428 1593 91 36 East
1535 1592 72 35 and
1625 1590 109 38 West
1751 1589 121 37 unfurl
1891 1589 38 43 it,
1965 1588 79 35 The
2062 1587 91 36 East
2170 1585 72 36 and
2261 1585 110 40 West
2388 1583 121 37 unfurl
2528 1584 39 42 it,
2605 1622 2 3 .
2648 1581 78 36 The
2745 1579 91 38 East
2853 1578 71 36 and
2946 1577 106 39 West
3070 1575 120 38 unfurl
3209 1577 39 42 it,
3270 1575 38 35 In
3343 1574 58 45 gio
3420 1594 11 6 -
3449 1585 43 33 ry
3537 1576 38 34 to
3622 1574 62 37 the
3703 1574 112 35 skies.

470 2229 21 25 2
517 2216 78 37 Ten
611 2214 185 38 thousand
813 2213 107 39 times
937 2214 60 34 ten
1015 2209 186 38 thousand

562 2269 149 36 Around
728 2268 64 35 her
810 2265 138 38 banner
967 2264 121 44 stand,

518 2323 180 39 Resolved
714 2327 37 32 to
771 2321 101 37 drive
890 2320 264 44 intemperance

562 2380 107 36 From
694 2389 64 26 our
784 2375 152 39 beloved
961 2374 96 37 land.

518 2436 106 38 From
643 2445 112 34 every
772 2432 127 46 rolling
918 2432 107 43 river,

564 2491 107 36 From
689 2491 87 43 city,
793 2491 116 42 town,
927 2488 71 35 and
1017 2486 144 44 plain—

522 2547 79 38 The
618 2558 63 32 cry
698 2546 30 36 is
746 2543 124 42 heard,
892 2541 148 37 Deliver

566 2603 105 36 From
689 2601 116 36 rum’s
822 2598 221 39 destructive
1069 2597 112 44 reign.

1340 2217 16 31 3
1384 2205 118 37 What
1518 2203 141 44 though
1677 2202 63 36 the
1758 2202 87 44 gifts
1864 2202 36 34 of
1919 2200 151 36 Heaven

1429 2260 63 36 On
1511 2269 111 35 every
1638 2258 99 36 hand
1755 2257 157 44 abound,

1385 2316 82 36 And
1486 2313 121 38 God’s
1625 2313 188 37 abundant
1831 2312 161 44 blessing

1429 2371 83 36 Our
1529 2369 206 37 dear-loved
1754 2368 123 37 nation
1896 2377 167 26 crown—

1388 2428 37 34 In
1442 2426 103 44 vain,
1562 2426 89 36 with
1671 2424 165 36 lavished
1855 2423 192 42 kindness,

1432 2483 58 35 Do
1508 2482 46 36 all
1570 2481 106 36 these
1692 2479 184 45 blessings
1892 2489 115 33 come,

1381 2539 123 38 While
1519 2536 259 46 drunkards,in
1792 2536 94 36 their
1897 2534 201 43 blindness,

1433 2594 89 37 Bow
1540 2593 121 44 down,
1679 2592 63 36 the
1760 2591 123 37 slaves
1900 2591 37 35 of
1954 2600 92 26 rum.

2205 2208 22 31 4
2252 2195 102 39 Shall
2371 2207 69 33 we,
2460 2196 126 36 whose
2604 2195 100 35 souls
2721 2205 60 25 are
2798 2192 137 46 lighted

2297 2251 105 41 With
2420 2252 131 35 ardour
2566 2252 93 34 from
2677 2261 46 25 on
2742 2249 152 44 high,—

2253 2306 100 40 Shall
2371 2319 67 31 we,
2457 2311 37 33 to
2514 2318 80 24 men
2615 2304 209 47 benighted,

2298 2363 78 37 The
2393 2363 147 45 helping
2559 2362 99 36 hand
2675 2362 116 44 deny;

2254 2419 68 43 No,
2342 2430 45 24 no
2403 2420 7 34 !
2437 2428 65 27 our
2519 2421 171 40 tongues,
2710 2415 211 44 unceasing,

2298 2473 238 39 Deliverance
2554 2472 93 37 shall
2665 2470 184 47 proclaim,

2290 2531 69 37 Till
2377 2534 64 34 not
2456 2540 69 27 one
2542 2529 119 44 erring
2679 2529 126 37 mortal

2297 2586 101 39 Shall
2416 2586 88 37 hear
2520 2586 63 35 the
2601 2582 222 39 drunkard’s
2841 2582 141 37 shame.

3074 2199 17 34 5
3119 2189 120 46 Waft,
3256 2191 105 42 waft,
3378 2199 46 36 ye
3439 2188 135 46 winds,
3590 2186 65 38 the
3671 2188 118 42 story,

3164 2245 81 36 And
3262 2256 86 34 you,
3367 2256 45 34 ye
3428 2246 148 44 waters,
3593 2241 78 47 roll,

3119 2300 83 46 Till,
3221 2302 72 36 like
3310 2314 22 23 a
3348 2310 64 29 sea
3429 2301 37 35 of
3487 2299 117 45 glory,

3166 2357 30 37 It
3212 2357 148 44 spreads
3377 2354 92 40 from
3490 2354 78 45 pole
3585 2357 37 34 to
3640 2353 92 46 pole,

3122 2412 67 39 Till
3206 2414 63 36 the
3286 2413 71 36 last
3373 2410 182 41 wretched
3574 2408 185 38 drunkard

3168 2468 67 37 His
3251 2468 130 44 liberty
3398 2466 94 39 shall
3509 2465 101 45 gain,

3130 2524 80 38 And
3228 2524 239 46 temperance,
3487 2522 45 35 all
3549 2521 210 45 victorious,

3170 2576 244 48 Throughout
3429 2577 62 39 the
3510 2578 122 37 nation
3651 2576 112 46 reign.

566 2716 90 34 This
682 2714 30 36 is
738 2723 67 26 one
830 2712 36 36 of
890 2711 62 36 the
978 2710 98 44 early
1099 2710 109 35 tunes
1233 2718 46 25 on
1304 2709 63 35 the
1392 2706 142 45 subject
1559 2706 38 35 of
1619 2706 240 44 temperance,
1879 2703 65 36 but
1966 2703 64 37 the
2055 2701 130 38 author
2209 2700 38 38 of
2270 2700 63 41 the
2359 2698 114 39 music
2496 2697 73 38 and
2593 2697 121 37 words
2739 2698 31 35 is
2796 2695 204 42 unknown,
