4042 3455
418 442 76 52 52
1844 426 294 58 ALBION.
2212 434 60 48 S.
2312 432 82 51 M.

1173 508 17 12 “
1202 507 104 28 When
1319 510 65 25 two
1396 515 37 20 or
1444 507 94 28 three
1549 515 56 19 are
1618 507 158 35 gathered
1788 509 151 32 together
1950 508 35 26 in
1998 515 55 27 my
2066 516 106 25 name,
2187 509 93 26 there
2291 516 55 18 am
2358 510 16 26 I
2385 506 36 29 in
2433 510 57 26 the
2502 508 100 28 midst
2613 508 36 27 of
2661 505 276 36 them.’*—Matt.
2949 510 32 26 18
2993 519 7 18 :
3017 505 42 32 20.

505 555 121 34 Isaac
649 553 161 43 Watts,
835 551 100 37 1707.
984 555 86 41 Key
1094 552 43 35 of
1159 554 36 33 G
1219 552 139 45 Major.
3104 553 190 46 Psalmist,
3323 554 121 47 hymn
3468 555 78 36 767.
3595 559 125 33 Boyd.

577 823 27 26 i.
633 813 134 45 Come,
785 823 46 35 ye
847 814 82 36 that
945 813 81 36 love
1042 812 63 37 the
1123 811 108 46 Lord,
1251 814 82 36 And
1351 814 48 36 let
1415 824 91 34 your
1521 815 84 43 joys
1623 813 43 37 be
1684 815 149 44 known;
1857 815 83 36 Join
1960 815 34 34 in
2013 826 22 25 a
2052 826 92 33 song
2161 816 90 35 with
2270 818 113 33 sweet
2401 814 138 44 accord,
2560 814 123 40 While
2700 827 45 32 ye
2763 816 179 36 surround
2958 817 66 35 His
3036 817 143 44 throne,
3196 818 124 38 While
3331 829 45 33 ye
3390 819 179 36 surround
3582 819 67 35 His
3662 819 141 36 throne.

571 1086 32 24 2.
633 1074 67 37 Let
723 1072 107 39 those
869 1074 135 36 re-fuse
1040 1076 37 34 to
1111 1073 82 45 sing
1211 1073 99 39 Who
1329 1085 125 26 nev-er
1470 1075 111 36 knew
1598 1085 64 26 our
1680 1074 98 45 God,
1832 1076 73 36 But
1922 1077 185 35 serv-ants
2125 1077 37 34 of
2178 1076 62 36 the
2258 1074 177 46 heav’nly
2455 1076 95 44 King
2571 1076 88 44 May
2677 1077 114 44 speak
2809 1078 93 36 their
2919 1079 83 42 joys
3020 1078 148 44 abroad,
3188 1078 89 44 May
3295 1079 115 43 speak
3428 1079 93 36 their
3538 1079 84 44 joys
3640 1079 161 37 a-broad.

570 1346 31 34 3.
630 1334 80 37 The
728 1345 81 26 men
827 1335 38 35 of
882 1346 104 33 grace
1004 1336 97 35 have
1117 1336 114 35 found
1249 1334 135 46 Glo-ry
1399 1337 136 43 be-gun
1553 1336 142 45 be-low;
1716 1335 210 38 Ce-les-tial
1942 1337 89 36 fruit
2046 1348 46 24 on
2111 1337 156 43 earth-ly
2283 1336 141 46 ground
2443 1337 106 36 From
2566 1337 93 36 faith
2677 1338 72 36 and
2766 1337 94 45 hope
2874 1350 84 32 may
2976 1348 115 34 grow,
3112 1337 106 37 From
3235 1339 92 36 faith
3345 1340 73 36 and
3435 1340 93 42 hope
3547 1352 84 32 may
3649 1352 112 32 grow.

504 1570 99 35 Isaac
620 1569 127 39 Watts
764 1579 78 26 was
868 1568 88 36 born
975 1569 35 35 in
1032 1569 84 42 1674
1132 1568 72 36 and
1222 1569 79 36 died
1319 1570 35 35 in
1380 1572 93 40 1748.
1527 1569 53 37 He
1597 1581 78 25 was
1692 1581 46 24 an
1759 1571 153 43 English
1940 1569 377 46 Congregationalist.
2369 1569 54 37 He
2440 1581 79 26 was
2536 1581 67 25 one
2621 1571 37 35 of
2682 1570 62 37 the
2770 1572 160 43 greatest
2946 1571 115 44 hymn
3079 1572 140 37 writers
3237 1572 35 34 in
3290 1572 46 35 all
3354 1570 277 39 Christendom.
3683 1573 122 36 Other

414 1613 171 39 sketches
603 1615 37 34 of
656 1614 59 36 his
733 1613 59 36 life
810 1613 71 37 and
899 1614 125 35 works
1042 1624 65 24 can
1128 1613 41 35 be
1186 1613 114 37 found
1319 1615 33 34 in
1373 1616 102 34 other
1492 1617 99 41 parts
1609 1615 36 35 of
1661 1615 75 36 this
1755 1616 108 35 book.

504 1658 91 37 This
610 1662 88 33 tune
716 1658 30 35 is
763 1658 154 37 credited
935 1659 34 34 in
987 1658 63 36 the
1069 1656 24 17 “
1107 1656 182 39 Southern
1309 1658 231 44 Harmony,”
1563 1661 96 42 1835,
1677 1662 37 33 to
1734 1659 67 37 Mr.
1823 1660 103 43 Boyd
1947 1660 80 44 (see
2045 1671 92 33 page
2155 1663 70 41 23),
2245 1661 72 35 and
2333 1658 23 18 “
2372 1659 170 40 Missouri
2570 1659 231 47 Harmony,”
2824 1662 96 43 1837,
2939 1671 92 33 page
3047 1671 55 33 49.
3156 1660 69 40 We
3250 1661 96 37 have
3367 1661 89 37 been
3474 1662 131 36 unable
3621 1666 38 33 to
3678 1663 124 36 obtain

413 1714 76 34 any
503 1704 88 37 data
605 1703 114 37 about
735 1701 70 38 Mr.
826 1702 116 44 Boyd.
993 1702 80 36 The
1088 1704 89 35 tune
1193 1702 78 37 also
1288 1713 152 34 appears
1457 1704 36 34 in
1511 1703 125 36 earlier
1651 1704 167 37 volumes
1835 1706 37 34 of
1890 1705 69 36 Mr.
1981 1705 141 36 Holden
2140 1706 73 34 and
2229 1706 104 35 other
2349 1715 94 33 song
2460 1705 153 37 writers.
2666 1705 77 36 The
2760 1698 84 44 date
2860 1706 37 35 of
2915 1707 47 35 its
2979 1706 238 44 composition
3235 1707 31 34 is
3283 1706 203 38 unknown.

1667 1779 588 58 CHARLESTOWN.
2331 1781 88 59 8s,
2457 1796 88 49 7s.

499 1850 88 41 Key
610 1847 40 35 of
673 1848 32 34 F
728 1845 135 47 Major.
973 1858 19 13 “
1001 1859 101 34 Jesus,
1116 1858 81 26 thou
1209 1858 65 28 Son
1283 1857 35 28 of
1331 1856 110 35 David,
1454 1859 85 26 have
1551 1865 110 28 mercy
1672 1866 41 19 on
1727 1866 62 21 me.
1825 1859 74 27 And
1911 1867 100 27 many
2022 1860 142 35 charged
2175 1860 72 27 him
2258 1860 73 27 that
2342 1860 43 26 he
2396 1858 119 30 should
2526 1859 81 28 hold
2618 1861 52 27 his
2682 1862 278 33 peace.”—Mark
2973 1861 43 28 10:
3032 1863 43 31 47,
3088 1862 42 27 48.
3213 1851 202 38 STEPHEN
3437 1854 145 43 JENKS,
3607 1854 99 34 1805.

500 2121 28 25 i.
558 2109 25 17 “
598 2109 152 44 Mer-cy,
800 2107 38 37 O
885 2108 106 35 Thou
1009 2107 74 36 Son
1147 2109 37 35 of
1216 2107 180 47 Da-vid,”
1415 2108 104 37 Thus
1537 2109 98 37 blind
1654 2110 131 38 Bar-ti

1871 2121 137 26 me-us
2026 2111 149 46 prayed,
2206 2109 189 40 “Oth-ers
2442 2112 49 44 by
2509 2111 85 44 Thy
2617 2112 101 35 word
2742 2123 59 25 are
2820 2123 68 25 sav
2914 2132 11 6 -
2959 2113 55 43 ed,
3037 2111 93 39 Now
3145 2115 38 35 to
3224 2124 55 25 me
3327 2114 37 35 af
3388 2133 16 7 -
3428 2114 79 34 ford
3521 2113 119 38 Thine
3651 2115 101 36 aid.”

538 2580 31 24 2.
600 2567 131 44 Ma-ny
788 2568 56 34 for
905 2567 59 35 his
1003 2577 63 33 cry
1090 2587 15 6 -
1130 2568 62 42 ing
1209 2567 82 36 chid
1309 2568 88 43 him,
1418 2567 72 37 But
1530 2568 46 35 he
1593 2568 111 37 called
1737 2569 62 37 the
1854 2568 138 37 loud-er
2039 2570 86 42 still,

2235 2569 68 35 Till
2320 2570 62 35 the
2401 2570 180 44 gra-cious
2599 2569 74 37 Sav
2690 2589 13 6 -
2721 2570 77 36 iour
2814 2571 60 35 bid
2907 2568 244 43 him,“Come
3170 2571 71 36 and
3259 2572 70 34 ask
3348 2582 55 26 me
3421 2572 102 36 what
3539 2583 73 33 you
3629 2573 116 36 will.”

490 2798 161 48 Stephen
673 2801 132 43 Jenks,
826 2801 91 36 New
935 2800 173 45 Canaan,
1129 2800 142 46 Conn.,
1289 2802 192 45 published
1498 2803 62 37 the
1579 2801 25 19 “
1619 2803 172 46 Delights
1808 2806 37 34 of
1864 2804 189 46 Harmony
2067 2805 23 17 ”
2109 2806 36 34 in
2168 2806 92 42 1805.
2312 2803 232 46 Twenty-six
2562 2805 38 35 of
2619 2804 63 37 the
2698 2810 109 31 tunes
2825 2806 35 34 in
2878 2804 81 38 that
2977 2802 96 41 book
3089 2815 95 27 were
3200 2805 195 44 composed
3413 2805 51 46 by
3479 2805 91 46 him,
3587 2807 73 36 and
3679 2810 26 34 it
3720 2818 80 25 was

398 2846 194 46 published
609 2858 47 25 on
674 2846 256 44 subscription.
982 2846 55 36 He
1053 2844 172 39 removed
1241 2849 39 34 to
1299 2847 228 46 Thompson,
1545 2848 73 37 and
1635 2849 80 36 died
1731 2850 101 37 there
1850 2849 35 36 in
1908 2850 95 42 1856.
2054 2850 56 35 He
2126 2861 79 24 was
2220 2861 23 25 a
2259 2850 111 42 ready
2385 2857 198 38 composer.

489 2891 24 18 “
527 2891 226 38 Charleston
767 2891 23 17 ”
811 2892 30 34 is
859 2901 134 33 among
1010 2891 63 36 the
1091 2890 57 36 old
1165 2894 122 41 tunes,
1303 2891 72 37 and
1393 2895 68 34 has
1479 2894 89 35 been
1587 2892 141 46 printed
1745 2905 22 26 a
1784 2897 101 41 great
1904 2905 111 32 many
2031 2906 121 32 years,
2171 2894 98 44 early
2286 2895 35 34 in
2338 2894 63 37 the
2420 2905 93 33 song
2531 2894 118 37 books
2666 2895 38 35 of
2719 2894 64 37 the
2801 2894 209 38 nineteenth
3028 2897 166 43 century,
3213 2896 71 37 and
3302 2895 50 56 by
3369 2894 162 46 Stephen
3551 2896 119 37 Jenks
3688 2897 113 37 about

402 2938 95 44 1805.
551 2937 54 36 He
623 2946 79 26 was
720 2947 21 24 a
759 2935 174 37 musician
953 2937 37 34 of
1014 2946 101 26 some
1133 2938 95 34 note.
1282 2937 28 36 It
1326 2947 80 28 was
1423 2938 80 36 first
1527 2936 191 48 published
1743 2939 35 36 in
1796 2939 63 36 the
1877 2938 118 37 South
2024 2943 48 39 by
2092 2938 159 40 William
2273 2938 153 39 Walker
2443 2942 35 32 in
2495 2939 63 37 the
2577 2938 24 17 “
2615 2938 182 39 Southern
2826 2937 232 48 Harmony,”
3077 2950 92 34 page
3187 2951 53 33 23.
3293 2940 78 36 The
3388 2940 121 38 words
3526 2942 38 36 of
3587 2943 75 36 this
3682 2942 116 44 hymn

398 2992 60 27 are
473 2980 115 39 taken
613 2981 93 35 from
725 2979 25 18 “
765 2978 171 40 Mercer’s
955 2980 195 45 Cluster,”
1169 2990 93 35 page
1279 2982 79 44 281,
1378 2982 50 44 by
1446 2982 106 37 Jesse
1572 2981 148 46 Mercer,
1739 2984 36 36 in
1797 2985 97 43 1823,
1915 2984 42 43 3d
1978 2984 145 36 edition.
2175 2985 103 37 None
2295 2984 38 35 of
2356 2984 63 37 the
2444 2982 118 39 books
2580 2987 38 33 at
2634 2994 65 26 our
2715 2984 191 36 command
2931 2986 84 42 give
3032 2987 63 35 the
3113 2995 106 27 name
3235 2986 39 35 of
3295 2986 64 36 the
3376 2985 131 38 author
3523 2987 38 36 of
3584 2987 63 37 the
3664 2987 133 37 words.
