4043 3456
252 519 84 44 Key
359 520 47 37 of
423 522 33 34 A
480 519 135 49 Major.

1615 399 234 64 PARIS.
1926 406 62 53 L.
2029 408 81 51 M.

926 492 82 31 “He
1017 501 69 22 was
1095 493 38 29 in
1142 495 60 28 the
1212 495 113 35 world,
1336 498 68 26 and
1414 498 59 28 the
1484 499 104 28 world
1599 508 68 19 was
1677 500 97 31 made
1784 503 45 36 by
1840 504 80 34 him,
1933 506 66 27 and
2010 508 59 26 the
2080 509 104 29 world
2195 511 100 29 knew
2304 512 72 30 him
2388 516 180 30 not.”—St.
2585 521 94 34 John
2697 522 37 28 1:
2752 524 42 28 10.

3479 456 74 50 55

380 1017 91 40 This
488 1021 167 44 spacious
674 1024 100 37 earth
795 1027 30 34 is
843 1025 45 37 all
906 1026 62 37 the
988 1025 140 48 Lord’s,
1145 1029 82 37 And
1246 1041 95 34 men,
1356 1033 71 34 and
1441 1042 148 38 worms,
1607 1036 72 35 and
1698 1036 137 48 beasts,
1854 1040 71 36 and
1944 1040 108 48 birds;
2072 1044 54 36 He
2143 1045 118 39 raised
2277 1048 63 36 the
2357 1047 184 50 buildings
2555 1063 46 25 on
2619 1055 63 36 the
2695 1066 97 36 seas,
2813 1058 82 38 And
2911 1071 96 35 gave
3020 1063 28 36 it
3062 1062 57 40 for
3133 1066 95 37 their
3240 1066 299 55 dwelling-place.

237 1511 177 45 “Paris”
439 1518 33 36 is
495 1529 69 27 one
588 1521 38 34 of
648 1521 64 37 the
736 1522 58 37 old
820 1523 185 47 melodies,
1030 1526 141 45 printed
1196 1527 35 37 in
1255 1530 64 35 the
1344 1527 209 43 “Missouri
1581 1533 231 50 Harmony,”
1830 1548 93 37 page
1947 1549 55 35 53,
2025 1544 97 44 1837,
2139 1546 71 35 and
2235 1555 112 36 many
2362 1548 39 36 of
2422 1548 65 39 the
2511 1561 94 36 song
2630 1551 117 41 books
2772 1556 38 37 of
2832 1558 64 37 the
2923 1559 123 39 earlier
3071 1565 80 42 part
3175 1565 37 36 of
3235 1566 63 38 the
3323 1567 210 46 nineteenth

147 1560 162 46 century.
361 1560 29 39 It
406 1561 68 39 has
491 1564 62 36 the
571 1575 100 26 same
688 1566 120 39 words
826 1577 83 28 now
925 1579 42 26 as
981 1569 36 35 in
1035 1571 45 35 all
1097 1571 62 37 the
1176 1571 117 39 books
1311 1574 35 36 in
1364 1576 119 36 which
1502 1577 28 37 it
1545 1588 78 27 was
1641 1578 202 49 published.

1555 1676 323 65 VERNON.
1953 1685 61 53 L.
2055 1687 81 51 M.

595 1766 79 27 ‘‘No
683 1774 80 22 man
772 1768 84 27 hath
866 1775 80 21 seen
957 1770 72 27 God
1039 1773 36 25 at
1085 1779 69 27 any
1163 1770 82 31 time
1254 1783 8 24 ;
1278 1774 60 28 the
1347 1777 81 32 only
1437 1774 157 40 begotten
1604 1780 76 32 Son,
1694 1780 109 30 which
1812 1781 32 29 is
1853 1782 38 27 in
1900 1784 60 28 the
1969 1785 115 29 bosom
2095 1787 37 27 of
2141 1790 59 27 the
2211 1790 129 37 Father,
2354 1793 45 28 he
2408 1794 84 29 hath
2503 1795 151 32 declared
2667 1798 194 36 him."—St.
2877 1806 95 35 John
2989 1808 36 25 1:
3041 1808 43 28 18.

232 1796 85 45 Key
341 1797 46 34 of
406 1797 33 38 E
464 1797 137 38 Minor.

3345 1894 21 32 1
3422 1897 23 30 2

407 2055 175 48 Come,0
599 2058 106 38 Thou
716 2059 156 42 traveler
890 2062 203 49 unknown,
1113 2065 137 41 Whom
1269 2068 72 38 still
1362 2071 10 34 I
1391 2070 98 46 hold,
1509 2072 64 39 but
1589 2077 149 36 canmot
1770 2086 71 36 see;
1912 2099 106 40 With
2038 2101 101 40 Thee
2153 2105 47 35 alI
2221 2106 35 35 nj
2284 2107 44 36 ht
2345 2108 13 34 j
2421 2120 105 28 mean
2542 2115 38 34 to
2596 2115 87 42 stay
2710 2114 84 39 And
2809 2124 95 33 wres
2907 2119 62 37 -tle
2983 2120 54 38 till
3048 2121 65 41 the
3128 2123 115 38 break
3257 2127 40 36 of
3311 2129 85 45 day.
3412 2130 86 47 day.

406 2102 67 45 My
487 2112 210 38 com-pa-ny
757 2108 138 37 be-fore
956 2118 32 27 is
1023 2120 108 36 gone,
1150 2111 83 38 And
1258 2114 14 34 I
1332 2125 59 25 am
1408 2115 65 38 left
1487 2117 123 37 a-lone
1622 2119 91 38 with
1727 2120 113 39 Thee.
2739 2169 8 6 .

3345 2210 19 17 JL

3342 2435 16 31 1
3415 2437 21 29 2

292 2633 21 24 2
401 2601 9 35 ’
416 2612 21 24 n
552 2603 30 35 T
586 2603 39 62 L
613 2614 45 25 ou
671 2614 31 53 ^
691 2607 82 42 trug
771 2616 45 54 ^
818 2606 31 35 le
838 2608 112 64 ?V°4
953 2618 23 33 g
967 2653 16 19 .
979 2612 35 33 et
1034 2610 73 36 free
1098 2638 23 31 ?
1131 2610 56 62 k
1216 2623 73 25 nev
1299 2632 13 5 ’
1324 2623 37 26 er
1376 2614 73 37 will
1467 2614 164 40 un-loose
1665 2627 62 37 my
1744 2619 95 47 hold;
1915 2644 127 43 Wrest
2044 2666 11 6 .
2058 2646 89 47 lingj
2164 2649 11 35 j
2192 2649 47 37 wi
2242 2649 23 37 n
2284 2662 45 25 no
2331 2654 16 33 t
2430 2652 49 40 let
2496 2654 99 40 Thee
2620 2656 134 47 go,Till
2772 2660 11 34 I
2796 2657 87 49 Thy
2895 2657 210 61 namejhy
3119 2668 127 38 nature
3260 2667 254 47 know.know.

399 2644 66 39 Art
479 2645 92 38 thou
585 2648 65 37 the
668 2648 88 39 Man
771 2651 85 37 that
870 2652 82 36 died
967 2652 57 38 for
1041 2655 72 36 me?
1131 2653 80 40 The
1227 2667 64 26 se-
1304 2660 74 36 cret
1393 2660 38 34 of
1449 2659 87 46 Thy
1554 2661 83 37 love
1661 2673 50 27 un
1730 2683 11 6 -
1753 2664 87 38 fold.
3334 2737 98 35 12

215 2901 186 42 “Vernon
416 2905 24 18 ”
457 2907 32 34 is
506 2917 135 36 among
656 2908 65 38 the
735 2909 119 40 oldest
870 2910 185 52 melodies,
1072 2914 74 37 and
1162 2915 48 39 its
1225 2916 239 47 composition
1481 2920 104 39 dates
1602 2923 95 37 back
1711 2927 39 33 to
1765 2924 64 38 the
1844 2927 81 37 first
1940 2929 39 36 of
1996 2929 64 38 the
2077 2929 210 45 nineteenth
2304 2936 165 46 century.
2517 2937 70 39 See
2604 2937 24 18 “
2641 2938 184 44 Southern
2845 2934 232 64 Harmony,”
3096 2947 50 46 by
3164 2948 164 48 Walker,
3347 2964 93 40 page
3458 2967 54 37 34,

131 2947 100 46 1835;
262 2948 23 18 “
302 2948 169 42 Missouri
492 2948 232 53 Harmony,”
743 2963 92 39 page
854 2964 54 38 55,
931 2957 95 48 1837.
1078 2958 30 38 It
1124 2968 151 40 appears
1292 2962 78 39 also
1388 2965 35 35 in
1442 2975 100 29 some
1559 2966 38 38 of
1614 2965 131 41 Oliver
1763 2969 178 42 Holden’s
1958 2971 129 42 books.
