4056 3447
529 415 97 33 have
660 414 95 35 been
786 412 200 47 published
1020 416 39 32 in
1092 416 63 34 the
1189 411 106 50 early
1327 426 93 35 song
1451 414 118 39 books
1604 417 41 34 of
1678 418 76 35 this
1788 421 170 44 country,
1993 422 52 33 all
2078 422 41 34 of

530 472 123 33 which
682 472 67 34 has
779 473 137 36 caused
944 473 149 34 tedious
1121 473 174 35 research
1324 474 75 33 and
1425 474 189 44 patience.
1669 476 77 33 The
1773 478 91 41 plan
1893 478 42 34 of
1964 479 156 45 writing

530 528 175 34 sketches
737 528 40 34 of
811 527 155 38 authors
998 530 75 32 and
1105 530 110 34 tunes
1247 531 68 31 has
1347 531 66 33 not
1445 530 96 35 been
1574 533 214 43 attempted
1819 530 217 41 heretofore
2068 536 52 42 by

529 585 156 34 authors
711 585 41 33 of
775 584 119 36 music
918 586 40 33 in
983 585 224 37 connection
1231 587 95 32 with
1351 587 64 34 the
1440 589 102 43 tune,
1569 591 133 41 except
1729 591 63 31 the
1818 590 131 35 writer
1975 592 40 33 of
2041 592 77 34 this

530 640 145 34 article.
735 640 87 43 (See
853 640 125 37 Union
1009 643 105 42 Harp
1145 642 74 36 and
1250 644 159 43 History
1440 644 41 33 of
1512 642 120 46 Songs
1659 646 201 42 published
1891 647 50 43 by
1972 647 76 34 him
2080 649 38 30 in

532 696 119 44 1909.)
709 697 46 33 In
784 697 86 34 that
898 698 99 34 book
1025 699 105 32 there
1161 709 76 24 was
1268 710 22 22 a
1318 699 109 35 much
1456 700 150 34 smaller
1635 702 157 33 number
1823 702 40 33 of
1892 704 119 34 tunes.
2067 705 51 32 To

530 754 109 31 write
661 755 65 32 the
748 753 133 36 sketch
903 755 42 33 of
967 755 91 32 each
1079 757 92 31 tune
1193 757 75 33 and
1289 756 105 42 print
1416 756 43 43 it,
1481 756 38 33 in
1543 757 222 35 connection
1787 762 94 30 with
1904 760 64 34 the
1989 762 129 42 music,

530 810 32 31 is
581 820 49 21 an
650 809 205 44 expensive
873 812 75 33 and
968 812 164 31 arduous
1150 811 109 34 labor
1279 813 75 31 and
1373 811 261 47 undertaking
1653 815 86 31 that
1759 825 47 22 no
1829 815 137 35 author
1985 816 133 34 before

527 866 70 32 has
617 866 95 33 been
736 865 147 46 willing
906 870 39 30 to
970 869 165 40 attempt
1159 878 40 23 or
1223 868 156 43 expend.
1428 867 197 46 However,
1649 869 32 34 it
1703 871 79 32 will
1806 871 151 45 greatly
1979 874 75 33 add
2079 875 38 30 to

528 924 64 31 the
623 921 161 36 interest
815 923 40 34 of
884 924 52 32 all
966 926 109 30 tunes
1105 926 39 29 to
1176 925 111 33 know
1318 924 214 45 something
1562 926 41 32 of
1633 925 99 35 their
1765 926 248 45 composition
2044 931 74 31 and

528 980 64 31 the
619 978 148 44 history
795 978 41 35 of
863 980 63 34 the
955 990 190 32 composer
1172 981 41 33 of
1239 982 65 32 the
1332 981 122 33 words
1482 981 76 34 and
1583 982 129 43 music,
1740 985 75 31 and
1842 984 109 34 much
1978 985 140 34 benefit

528 1036 138 43 gained
697 1036 39 32 in
763 1035 160 47 reading
950 1037 103 33 them
1080 1036 52 43 by
1160 1047 69 24 one
1257 1037 180 43 knowing
1465 1038 64 34 the
1559 1049 129 23 source
1717 1040 99 32 from
1847 1040 151 35 whence
2028 1042 92 41 they

529 1101 113 24 came.

577 1162 52 30 12.
681 1159 94 34 New
804 1159 211 37 rudiments
1046 1162 97 31 have
1174 1163 95 33 been
1298 1162 209 43 composed,
1538 1165 187 41 arranged
1757 1166 74 30 and
1865 1176 38 21 so
1935 1166 183 43 compiled

529 1226 40 22 as
594 1219 38 30 to
658 1215 172 37 embrace
854 1217 51 33 all
929 1218 65 32 the
1020 1218 61 32 old
1105 1216 183 45 features,
1314 1219 75 32 and
1413 1221 41 30 at
1479 1219 64 33 the
1569 1230 100 23 same
1696 1221 92 31 time
1814 1222 39 30 to
1879 1224 63 40 get
1968 1222 52 32 all
2044 1232 60 22 ma

528 1272 114 34 terial
671 1271 154 35 modern
855 1272 304 46 improvements.
1215 1275 117 32 These
1363 1275 98 33 rules
1492 1285 63 23 are
1586 1286 39 22 so
1657 1277 187 42 arranged
1875 1287 41 23 as
1946 1287 76 34 any
2051 1288 67 22 one

528 1329 83 32 who
639 1338 106 24 cares
771 1331 39 31 to
837 1330 46 33 do
909 1340 52 32 so,
989 1340 69 22 can
1083 1329 107 35 learn
1215 1332 85 31 how
1326 1333 40 30 to
1393 1330 85 44 sing
1504 1342 41 22 or
1570 1332 91 43 play
1688 1335 40 30 at
1754 1333 119 33 home.
1924 1333 105 44 They
2054 1344 65 23 are

530 1395 39 22 so
591 1385 100 33 fixed
714 1396 41 22 as
777 1387 39 31 to
838 1386 115 44 apply
977 1389 38 30 to
1040 1396 76 32 any
1140 1386 187 43 notation,
1350 1387 31 32 it
1405 1389 160 33 matters
1588 1391 66 31 not
1678 1390 169 32 whether
1871 1389 39 33 in
1932 1390 88 33 four
2043 1391 75 32 and

529 1452 115 23 seven
670 1442 126 42 shape,
822 1453 39 22 or
886 1443 119 33 round
1030 1444 119 32 notes.
1198 1444 104 42 They
1325 1453 64 22 are
1416 1444 107 33 made
1551 1444 131 43 simple
1708 1445 74 32 and
1808 1454 90 34 easy
1923 1449 39 30 to
1988 1447 117 32 under

530 1498 124 43 stand,
690 1498 216 47 possessing
941 1509 114 33 many
1090 1509 82 24 new
1207 1500 170 32 features
1425 1501 75 32 and
1548 1500 192 35 additions
1789 1503 66 30 not
1904 1502 215 34 heretofore

527 1555 166 43 printed,
715 1566 22 22 a
760 1564 93 35 very
875 1555 105 43 large
1002 1554 229 45 dictionary,
1252 1557 74 31 and
1346 1565 115 34 many
1483 1556 130 42 things
1635 1556 123 34 which
1780 1557 78 33 will
1879 1568 117 33 prove
2018 1558 87 43 help

528 1612 60 32 ful
613 1611 40 32 in
679 1612 64 32 the
771 1611 114 45 study
911 1612 41 33 of
978 1612 128 32 musie.

579 1680 52 32 13.
683 1680 62 32 All
778 1678 63 35 the
873 1679 123 43 plates
1027 1678 98 34 from
1160 1680 123 32 which
1315 1681 63 31 the
1410 1681 99 33 book
1541 1681 31 32 is
1604 1681 153 44 printed
1788 1691 64 22 are
1884 1683 120 33 brand
2037 1693 83 23 new

530 1737 74 32 and
623 1736 79 33 will
721 1736 87 43 give
829 1736 64 33 the
914 1736 86 33 best
1021 1736 148 34 results.
1215 1737 143 41 Nearly
1379 1735 50 34 all
1451 1737 65 33 the
1537 1739 108 31 notes
1665 1738 75 32 and
1762 1737 51 33 all
1835 1738 106 34 other
1961 1739 157 33 musical

530 1793 216 33 characters
771 1801 62 26 are
860 1792 82 34 first
968 1793 107 33 class.

575 1862 55 31 14.
680 1861 35 32 A
739 1869 83 25 new
845 1859 203 45 Appendix
1071 1860 42 33 of
1137 1859 177 35 valuable
1338 1862 112 32 tunes
1473 1862 76 32 and
1572 1861 174 36 anthems
1770 1863 69 30 has
1863 1862 96 34 been
1983 1863 135 33 added.

529 1916 111 43 Quite
669 1926 22 22 a
716 1916 55 33 lot
797 1916 42 34 of
867 1916 77 33 this
971 1926 78 23 was
1077 1926 90 25 once
1193 1917 39 32 in
1257 1917 65 32 the
1351 1915 139 36 Sacred
1518 1918 118 42 Harp.
1686 1918 38 32 It
1751 1919 68 31 has
1845 1917 96 35 been
1968 1919 149 34 revised

2258 426 74 33 and
2355 434 98 26 some
2477 424 41 34 of
2542 426 105 34 these
2670 427 110 32 tunes
2804 434 62 25 are
2889 436 83 24 new
2994 426 40 33 in
3055 435 113 37 many
3191 428 176 43 respects.
3417 426 75 34 The
3517 426 107 36 other
3647 429 110 34 tunes
3780 434 64 27 are

2259 482 164 33 selected
2453 479 101 38 from
2584 483 156 33 authors
2769 483 125 32 whose
2924 482 240 44 reputations
3194 494 65 23 are
3290 495 41 22 so
3362 484 86 33 well
3478 485 138 32 known
3646 486 50 42 by
3727 483 118 34 music

2256 538 132 43 people
2415 537 122 35 which
2567 540 226 42 guarantees
2819 540 86 32 that
2932 551 46 21 no
3007 542 90 30 tune
3125 539 85 35 that
3238 550 121 23 comes
3386 540 98 33 from
3511 539 101 35 their
3638 550 91 35 pens
3757 550 89 24 ever

2257 595 92 32 fails
2370 596 39 31 to
2430 603 114 34 prove
2566 596 92 41 they
2678 606 63 22 are
2765 596 41 32 of
2827 595 64 32 the
2911 596 85 33 best
3018 595 97 34 class
3135 595 41 34 of
3197 597 131 33 sacred
3349 596 129 34 music.
3526 597 76 33 The
3623 607 83 24 new
3727 597 117 35 music

2257 651 39 30 in
2322 650 76 33 this
2424 650 174 36 addition
2625 651 31 33 is
2682 652 78 33 also
2786 662 49 32 up
2862 654 38 30 to
2926 654 65 32 the
3016 655 65 40 top
3108 651 41 34 of
3176 652 184 36 standard
3387 654 130 32 sacred
3543 655 121 41 tunes,
3693 656 75 32 and
3794 654 52 44 by

2259 716 208 34 composers
2493 708 82 34 who
2602 708 45 33 do
2674 711 66 31 not
2767 708 39 32 in
2832 718 74 33 any
2931 719 84 23 case
3041 710 68 41 put
3134 707 169 37 forward
3330 719 76 32 any
3432 711 69 31 but
3528 709 169 45 superior
3725 713 120 31 tunes.

2259 763 106 32 Some
2390 763 41 33 of
2455 763 101 35 them
2581 764 78 32 will
2684 767 40 29 at
2748 763 81 35 first
2854 763 147 45 require
3027 763 146 37 careful
3198 765 89 34 skill
3311 768 38 31 to
3373 766 135 33 render
3532 767 103 32 them
3658 766 187 46 properly,

2257 820 70 33 but
2357 819 109 33 when
2495 819 103 44 fully
2627 819 242 46 understood,
2899 822 94 42 they
3023 822 79 32 will
3130 830 118 35 prove
3281 825 40 30 to
3352 822 47 32 be
3430 822 42 33 of
3502 833 96 33 very
3625 823 93 44 high
3750 823 97 33 class

2257 877 131 31 sacred
2418 875 129 34 music.
2602 877 62 32 All
2695 877 41 33 of
2766 877 106 33 these
2902 879 111 31 tunes
3043 886 63 24 are
3138 878 187 43 arranged
3355 878 40 32 in
3427 879 193 43 dispersed
3651 880 195 42 harmony,

2257 932 75 32 and
2356 932 38 30 in
2417 931 150 44 perfect
2593 933 134 33 accord
2752 933 94 32 with
2870 933 51 34 all
2945 934 64 32 the
3034 934 106 32 other
3163 933 118 35 music
3305 935 39 31 in
3368 935 64 32 the
3457 935 109 33 book.

2307 1022 51 32 15.
2409 1021 46 33 In
2482 1022 63 32 the
2575 1022 81 33 first
2686 1023 40 33 of
2755 1023 62 32 the
2846 1023 100 34 book
2974 1024 105 32 there
3108 1022 67 35 has
3203 1024 95 34 been
3328 1035 98 23 some
3456 1035 83 22 new
3565 1024 119 36 music
3712 1027 134 42 added,

2256 1079 70 32 but
2355 1079 66 32 not
2450 1078 41 31 in
2518 1087 76 33 any
2621 1088 86 34 way
2734 1081 39 30 to
2802 1078 186 36 interfere
3016 1079 95 33 with
3139 1079 65 34 the
3231 1080 120 34 music
3379 1081 150 32 therein
3558 1091 42 23 as
3628 1082 218 33 heretofore

2258 1134 197 43 arranged,
2479 1134 69 34 but
2574 1138 38 29 to
2637 1134 53 33 fill
2713 1144 116 35 pages
2853 1135 123 34 where
3002 1136 91 42 they
3116 1145 63 24 are
3203 1136 144 44 placed,
3372 1138 75 32 and
3472 1141 41 29 at
3538 1138 65 33 the
3630 1148 100 23 same
3755 1139 90 32 time

2257 1189 131 34 utilize
2410 1191 52 31 all
2483 1191 65 32 the
2569 1200 117 34 pages
2708 1191 39 32 in
2769 1191 96 42 good
2885 1190 130 35 music.
3059 1192 46 31 In
3128 1202 69 24 one
3219 1202 41 23 or
3280 1195 76 31 two
3379 1203 104 23 cases
3505 1196 65 30 the
3590 1195 125 43 plates
3737 1196 109 32 made

2258 1247 62 42 lap
2345 1256 88 24 over
2456 1257 39 22 so
2520 1257 41 22 as
2585 1249 38 31 to
2647 1244 166 47 displace
2836 1248 65 32 the
2922 1258 95 33 page
3041 1258 40 23 or
3103 1258 125 33 pages.
3276 1250 46 31 In
3346 1250 108 33 order
3477 1257 39 26 to
3540 1251 95 42 keep
3659 1250 63 34 the
3747 1252 99 33 book

2258 1312 41 23 as
2319 1303 32 31 it
2372 1303 68 32 has
2460 1303 96 33 been
2577 1299 227 49 heretofore,
2826 1313 55 22 we
2903 1304 97 32 have
3021 1306 69 40 put
3112 1314 99 22 some
3233 1307 110 32 tunes
3368 1315 47 22 on
3436 1315 116 33 pages
3574 1305 200 45 following
3795 1307 52 43 by

2259 1357 264 36 continuation
2551 1359 42 33 of
2618 1367 101 26 same
2745 1368 108 33 page,
2879 1359 52 44 by
2956 1359 142 42 adding
3125 1361 39 32 to
3192 1360 63 34 the
3282 1371 99 23 same
3408 1360 34 35 A
3469 1372 40 22 or
3534 1362 43 32 B.
3634 1362 88 43 (See
3749 1373 96 32 page

2258 1414 97 42 253.)

2304 1493 67 33 We
2399 1503 62 24 are
2487 1494 66 33 not
2579 1493 221 48 presenting
2826 1494 63 33 the
2916 1496 100 33 book
3040 1495 94 33 with
3161 1495 91 44 high
3280 1496 187 43 sounding
3491 1503 156 36 praises,
3674 1498 69 34 but
3769 1499 78 32 feel

2257 1548 172 46 justified
2452 1550 40 31 in
2517 1547 180 49 claiming
2721 1550 87 34 that
2832 1551 32 31 it
2889 1550 33 34 is
2946 1552 65 32 the
3035 1552 85 32 best
3147 1561 92 35 song
3264 1553 76 33 and
3364 1555 91 31 tune
3479 1556 102 31 book
3607 1554 42 33 of
3675 1554 51 33 its
3753 1555 94 33 kind

2258 1609 38 30 to
2320 1608 45 32 be
2389 1606 121 34 found
2532 1606 39 33 in
2593 1606 50 33 all
2666 1607 64 34 the
2754 1610 169 42 country.
2971 1608 66 33 We
3061 1618 64 22 are
3147 1607 222 46 presenting
3392 1609 31 33 it
3446 1612 39 31 to
3508 1612 64 31 the
3595 1610 132 45 people
3751 1612 94 32 with

2258 1663 64 33 the
2353 1663 149 34 earnest
2532 1671 136 36 prayer
2699 1663 41 33 of
2769 1663 76 33 this
2874 1662 215 37 committee
3118 1665 85 33 that
3234 1666 32 32 it
3294 1676 87 32 may
3410 1665 39 33 in
3479 1667 64 31 the
3572 1676 108 24 name
3711 1667 41 34 of
3781 1667 64 33 the

2259 1720 108 42 great
2392 1719 185 35 Master
2604 1720 41 32 of
2671 1720 50 32 all
2746 1720 157 34 musie
2928 1720 228 43 accomplish
3183 1722 86 32 that
3294 1722 218 33 whereunto
3541 1725 31 30 it
3599 1724 31 31 is
3657 1726 94 33 sent.

3410 1811 36 35 J.
3469 1814 35 31 S.
3528 1812 177 44 JAMES,

3586 1866 212 41 Chairman.

2305 1922 172 42 Atlanta,
2504 1921 77 43 Ga.,
2608 1918 147 50 August
2781 1924 54 40 11,
2863 1923 99 35 1911.

2150 2033 72 50 VI
