3993 3434
397 347 74 48 42

486 456 83 45 Key
585 455 41 38 of
642 456 33 36 E
692 453 138 47 Minor.

1745 327 434 54 CLAMANDA.
2255 328 62 54 L.
2347 329 82 51 M.

1219 420 17 12 “
1248 418 31 27 If
1296 419 56 27 the
1371 418 83 31 I.ord
1472 418 125 35 delight
1615 417 35 28 in
1662 422 46 27 ns,
1720 418 81 26 then
1818 418 43 26 he
1873 417 68 27 will
1959 417 97 35 bring
2073 426 37 19 us
2128 418 71 28 into
2216 416 67 30 this
2302 416 86 34 land,
2404 418 64 26 and
2486 416 73 35 give
2570 417 26 27 it
2615 421 33 24 to
2668 416 203 34 us.”—Num.
2885 418 32 26 14
2937 426 6 18 :
2960 418 26 26 8.

2585 498 18 29 1
2707 497 20 30 2

726 712 115 49 rSay,
861 727 83 24 now
968 726 45 34 ye
1045 715 81 35 love
1144 735 13 4 -
1173 714 38 44 ly
1258 724 40 25 so
1324 732 11 6 -
1360 713 69 36 cial
1463 713 109 43 band,
1592 709 100 46 Who
1731 713 100 35 walk
1891 712 62 36 the
2014 724 86 32 way
2172 716 37 34 to

724 761 15 38 (
754 757 52 41 Ye
868 760 84 36 who
969 758 95 39 have
1080 760 70 34 fled
1167 759 92 35 from
1279 756 184 39 So-dom’s
1479 758 110 43 plain,
1609 755 89 46 Say,
1777 757 44 35 do
1905 767 71 33 you
2015 757 94 36 wish
2171 760 37 34 to

2287 710 209 40 Ca-naan’s
2544 712 98 43 land;

2278 760 82 35 turn
2430 769 22 23 a
2484 776 11 7 -
2543 757 101 44 gain?
2667 776 14 6 -
2698 756 100 44 gain?

2585 813 20 29 1
2706 813 23 29 2

2904 733 38 38 O
2991 735 93 35 have
3101 745 71 34 you
3213 736 193 41 ven-tured

3483 738 37 34 to
3566 736 63 37 the
3655 736 97 44 field,

2585 1040 18 29 1
2707 1041 21 29 2

716 1260 19 41 J
753 1255 88 48 Say,
865 1268 83 25 now
972 1267 45 34 ye
1050 1257 81 34 love
1149 1276 14 6 -
1181 1255 37 44 ly
1265 1266 41 24 so
1331 1275 13 5 -
1368 1255 65 36 cial
1466 1255 110 41 band,
1597 1253 99 42 Who
1736 1254 99 36 walk
1896 1255 63 34 the
2021 1266 85 32 way
2175 1257 37 34 to

716 1285 23 55 t
754 1300 52 39 Ye
864 1302 85 36 who
966 1300 96 38 have
1078 1301 71 34 fled
1165 1300 92 35 from
1276 1299 182 38 So-dom’s
1474 1300 111 43 plain,
1605 1298 89 45 Say,
1773 1299 44 35 do
1901 1309 72 32 you
2013 1300 94 35 wish
2169 1301 38 35 to

2290 1252 206 40 Ca-naan’s
2544 1255 94 43 land;

2276 1303 82 34 turn
2429 1310 21 24 a
2481 1318 12 6 -
2541 1300 102 43 gain?
2669 1319 13 5 -
2699 1299 101 44 gain?

2584 1356 18 30 1
2705 1355 22 30 2

2906 1276 38 36 O
2991 1277 96 35 have
3104 1287 72 34 you
3215 1278 192 39 ven-tured
3482 1281 37 34 to
3566 1279 62 36 the
3655 1279 96 44 field,

530 1831 96 41 Well
644 1832 122 37 armed
790 1832 88 37 with
927 1831 57 38 hel
1018 1851 13 6 -
1056 1833 84 41 met,
1160 1831 121 36 sword
1298 1830 72 36 and
1388 1830 131 37 shield?
1560 1829 82 38 And

1705 1830 93 35 shall
1837 1830 62 36 the
1954 1830 126 44 world,
2097 1831 89 37 with
2206 1832 110 35 dread
2355 1843 21 24 a
2402 1850 12 6 -
2430 1831 123 42 larms,
2587 1830 98 37 Com
2719 1850 11 6 -
2770 1831 55 43 pel

2899 1841 73 33 you
3028 1840 83 25 now
3173 1833 37 33 to
3236 1831 140 43 ground
3394 1841 91 33 your

3577 1833 123 35 arms?

530 2319 95 39 Well
643 2318 122 36 armed
789 2318 89 36 with
926 2318 59 36 hel
1011 2337 11 6 -
1049 2320 86 41 met,
1155 2317 120 36 sword
1292 2316 72 37 and
1383 2317 131 36 shield?
1555 2317 82 35 And

1700 2317 94 35 shall
1833 2317 63 35 the
1954 2318 125 43 world,
2098 2318 89 37 with
2207 2318 107 36 dread
2354 2329 21 24 a
2400 2338 15 6 -
2432 2318 124 43 larms,
2590 2316 99 38 Com
2721 2337 14 6 -
2773 2317 55 43 pel

2902 2328 73 32 you
3031 2327 83 25 now
3175 2320 37 34 to
3238 2317 139 44 ground
3395 2327 91 33 your

3577 2328 97 26 arms
3687 2319 14 35 ?

483 2579 93 37 This
599 2583 89 32 tune
712 2579 31 35 is
767 2589 48 24 on
839 2589 93 33 page
954 2587 45 33 42
1022 2578 38 35 of
1081 2577 65 36 the
1171 2575 24 17 “
1209 2577 131 36 Sacred
1366 2577 98 44 Harp
1479 2578 24 18 ”
1529 2589 42 24 as
1596 2579 28 35 it
1646 2589 79 24 was
1751 2578 192 42 published
1967 2578 36 35 in
2032 2581 94 40 1844.
2176 2578 92 36 Like
2291 2590 101 24 some
2417 2578 103 37 other
2541 2581 122 41 tunes,
2682 2590 55 25 we
2761 2578 96 36 have
2882 2577 89 36 been
2996 2575 132 39 unable
3150 2579 38 35 to
3213 2577 74 35 find
3303 2588 76 32 any
3394 2580 96 34 trace
3507 2578 38 35 of
3568 2578 47 36 its
3632 2578 143 45 histoiy

393 2636 39 25 or
454 2626 64 35 the
544 2624 120 37 words
690 2624 35 34 in
749 2623 64 35 the
836 2625 101 35 tune.
989 2621 29 37 It
1042 2622 30 35 is
1097 2633 21 24 a
1144 2624 101 41 great
1267 2621 156 37 favorite
1448 2634 133 31 among
1605 2623 63 35 the
1693 2623 96 34 older
1814 2623 125 42 people
1963 2623 84 35 who
2073 2634 95 32 sung
2194 2624 26 35 it
2243 2625 92 33 from
2359 2624 116 43 thirty
2497 2625 37 33 to
2559 2624 83 43 fifty
2665 2634 106 33 years
2796 2633 80 33 ago.
2930 2622 28 35 It
2981 2620 165 38 contains
3172 2632 100 26 some
3296 2631 91 35 very
3402 2622 72 35 fine
3490 2622 144 44 chords,
3654 2623 71 36 and
3743 2624 30 36 is

393 2671 99 37 often
519 2668 189 45 requested
732 2669 36 35 to
794 2667 44 36 be
863 2676 95 36 sung
984 2666 35 36 in
1044 2666 240 37 conventions
1310 2666 71 35 and
1410 2667 103 37 other
1536 2667 150 35 musical
1712 2667 228 44 gatherings,
1959 2667 193 45 especially
2178 2667 48 45 by
2249 2667 106 37 those
2380 2668 85 35 who
2491 2678 64 26 use
2582 2668 136 44 shaped
2744 2669 82 35 note
2852 2667 128 35 books.
