4004 3430
1438 375 360 56 WEEPING
1834 378 342 60 SAVIOUR.
2248 384 60 49 S.
2338 386 80 48 M.

1225 441 73 27 And
1311 440 97 31 when
1420 443 42 26 he
1474 450 68 20 was
1551 451 95 21 come
1657 452 88 26 near,
1759 445 43 28 he
1813 445 120 29 beheld
1944 448 58 26 the
2013 448 67 34 city
2090 448 65 27 and
2165 450 86 34 wept
2263 457 77 20 over
2351 449 172 34 it.—Euke
2541 454 48 27 19:
2605 453 43 30 41.

328 481 99 40 Rev.
449 483 227 46 Benjaman
704 484 220 42 Beddome,
947 484 115 34 about
1082 485 98 36 1849.
1231 488 86 44 Key
1334 488 45 33 of
1391 489 31 32 F
1437 479 24 62 ft
1477 488 141 37 Minor.

3161 411 77 50 33

3170 509 152 43 Joseph
3347 508 185 37 Barnby.

3377 564 20 32 i
3500 566 23 31 a

505 733 27 24 i.
563 722 71 37 Did
653 722 133 39 Christ
799 724 74 37 o’er
889 725 159 36 sin-ners
1065 727 116 45 weep?
1199 728 82 35 And
1299 727 93 39 shall
1410 741 64 24 our
1490 729 136 38 cheeks
1645 731 43 35 be
1706 731 81 45 dry?

2069 734 67 37 Let
2165 735 116 37 floods
2298 737 38 34 of
2381 748 70 33 pen
2484 757 12 7 -
2521 739 9 34 i
2556 758 12 7 -
2593 739 141 40 ten-tial
2752 743 92 43 grief
2860 742 112 40 Burst
2987 746 95 36 forth
3100 746 93 37 from
3212 746 121 46 ev-’ry
3364 758 80 36 eye.

3373 793 20 32 1
3498 796 24 30 2

499 993 35 24 2.
561 980 80 39 The
679 982 72 36 Son
790 984 40 35 of
845 982 87 38 God
971 985 37 35 in
1020 987 98 36 tears
1136 985 80 37 The
1233 988 222 47 won-d’ring
1492 989 144 46 an-gels
1675 1002 72 32 see;

2076 994 52 37 Be
2173 995 92 38 thou
2295 1007 44 26 as
2356 1016 12 7 -
2384 998 204 43 ton-ished,
2607 999 40 37 O
2680 1010 64 35 my
2759 1002 95 43 soul,
2872 1004 57 37 He
2974 1005 93 36 shed
3080 1006 109 38 those
3203 1011 95 32 tears
3327 1009 58 35 for
3399 1010 97 37 thee.

3374 1053 18 32 1
3497 1056 23 29 2

500 1253 30 33 3.
559 1241 55 37 He
659 1245 99 41 wept
771 1243 83 37 that
869 1255 55 24 we
942 1245 119 43 might
1075 1255 111 35 weep;
1211 1246 98 37 Each
1327 1249 58 35 sin
1400 1248 192 39 de-mands
1608 1261 22 24 a
1660 1254 87 39 tear;

2067 1254 37 36 In
2161 1255 97 37 heav
2270 1276 14 6 -
2296 1267 44 25 en
2399 1269 21 24 a
2445 1278 15 6 -
2486 1259 83 35 Ione
2598 1269 46 26 no
2677 1259 56 38 sin
2788 1263 31 34 is
2835 1262 128 46 found,
2983 1265 82 36 And
3081 1265 132 39 there’s
3231 1277 46 26 no
3295 1269 164 45 weeping
3476 1271 112 37 there.

3366 1314 19 30 1
3489 1316 22 29 2

318 1469 92 38 Rev.
430 1470 183 37 Beddome
628 1482 79 25 was
732 1473 89 35 born
845 1472 36 36 in
908 1473 224 46 Wishshire,
1154 1487 95 31 1717,
1267 1477 73 36 and
1363 1478 82 36 died
1472 1487 94 37 1795.
1619 1480 55 36 He
1690 1492 79 26 was
1786 1493 22 24 a
1833 1481 145 44 Baptist
1995 1483 163 38 minister
2172 1485 38 34 of
2234 1489 102 40 great
2360 1486 219 39 distinction.
2631 1488 54 37 He
2702 1491 194 45 composed
2921 1503 21 26 a
2964 1493 96 44 large
3078 1496 149 35 number
3243 1497 37 34 of
3304 1496 151 46 hymns,
3474 1509 136 35 among

227 1514 99 35 them
352 1524 78 27 was
454 1516 62 35 the
541 1514 128 38 above.
721 1516 66 36 His
813 1517 136 44 hymns
973 1529 94 25 were
1093 1519 135 44 mostly
1251 1520 142 39 written
1418 1523 56 35 for
1498 1523 58 37 his
1581 1535 82 26 own
1689 1526 167 44 services,
1884 1526 64 37 but
1973 1537 111 35 many
2108 1529 37 34 of
2168 1529 100 37 them
2294 1541 84 25 now
2402 1541 130 34 appear
2559 1533 34 34 in
2618 1534 63 36 the
2706 1535 114 43 hymn
2848 1535 117 38 books
2983 1539 37 34 of
3044 1540 59 35 the
3128 1539 147 37 various
3301 1540 308 42 denominations.

267 1558 181 45 Weeping
465 1558 155 39 Saviour
676 1561 30 34 is
724 1560 175 45 probably
915 1573 47 24 an
982 1561 152 47 English
1154 1565 62 35 air.
1268 1565 29 37 It
1314 1567 30 34 is
1361 1567 114 36 found
1493 1568 34 34 in
1546 1570 100 41 early
1663 1568 187 38 American
1868 1573 88 34 tune
1974 1571 129 38 books.

319 1602 136 45 Joseph
477 1603 184 46 Barnaby,
680 1605 131 35 author
828 1606 37 36 of
880 1607 63 35 the
962 1607 125 38 music.
1140 1608 53 36 He
1206 1611 112 37 wrote
1337 1621 112 34 many
1464 1613 108 36 tunes
1589 1614 71 34 and
1678 1614 149 44 hymns,
1845 1615 119 36 which
1984 1626 58 27 are
2059 1617 154 36 referred
2229 1620 37 36 to
2284 1619 35 35 in
2339 1630 111 33 many
2466 1621 173 44 hymnals
2656 1623 37 35 of
2709 1623 74 36 this
2808 1625 164 46 country.

1577 1677 443 60 ABBEVILLE.
2090 1684 62 49 S.
2179 1684 83 50 M.

1005 1741 16 11 “
1031 1739 92 37 They
1137 1749 85 20 were
1234 1743 45 26 all
1292 1742 91 28 filled
1395 1743 80 27 with
1488 1743 57 29 the
1558 1746 87 33 Holy
1658 1746 111 33 Ghost,
1784 1747 66 26 and
1861 1747 80 35 they
1953 1748 103 35 spake
2068 1749 58 28 the
2134 1750 90 26 word
2236 1750 35 28 of
2283 1752 71 26 God
2366 1751 80 28 with
2460 1751 310 35 boldness.”—Acts
2788 1758 29 26 4:
2834 1758 33 27 31

315 1782 99 36 Rev.
443 1784 230 44 Benjaman
697 1784 223 42 Beddome,
942 1786 96 33 1818.
1090 1787 84 43 Key
1198 1789 44 31 of
1262 1789 34 33 G
1320 1788 137 45 Major.

3333 1854 16 32 ]
3456 1856 22 31 2

450 2047 28 28 1.
506 2039 133 47 Come,
660 2042 56 35 Ho
738 2062 14 6 -
776 2043 37 44 ly
876 2043 80 44 Spir
981 2064 12 6 -
1018 2045 40 44 it,
1109 2057 114 34 come,
1245 2047 103 41 With
1385 2060 43 25 en
1455 2069 11 6 -
1484 2061 37 25 er

1597 2062 51 33 gy

1700 2053 34 35 di
1753 2073 16 6 -
1784 2054 100 43 vine,
1926 2054 82 37 And
2026 2066 45 25 on
2111 2056 74 36 this
2217 2066 99 36 poor,
2351 2056 167 48 be-night
2536 2079 11 6 -
2565 2060 42 35 ed

2663 2060 93 46 soul,
2776 2062 104 40 With
2900 2063 122 39 beams
3040 2067 37 35 of
3095 2076 138 38 merc-y

3296 2070 118 38 shine.

3330 2116 19 29 1
3453 2119 22 29 2

445 2311 33 26 2.
507 2300 101 44 Melt,
628 2302 85 37 melt
759 2302 76 37 this

879 2304 75 35 froz
982 2323 12 7 -
1020 2316 44 25 en

1262 2307 92 38 This
1372 2309 190 38 stub-born
1580 2312 72 35 will

1103 2306 113 44 heart;

1685 2312 69 36 sub
1772 2333 12 4 -
1802 2314 80 43 due;
1904 2312 96 39 Each
2043 2326 18 24 e
2087 2335 15 6 -
2125 2316 51 35 vil

3112 2328 46 36 all
3214 2341 21 24 a
3260 2348 11 7 -

3451 2377 21 30 3

883 2564 113 44 prohp
1009 2583 11 7 -
1032 2566 35 35 et

1265 2567 72 38 But
1351 2567 118 39 Thine
1481 2568 93 39 shall
1607 2572 42 35 be

1147 2566 55 43 be,

1687 2572 64 37 the
1782 2573 131 44 praise;
1926 2572 83 39 And
2026 2586 49 24 un
2101 2593 12 8 -
2136 2578 37 34 to

2216 2576 100 38 Thee
2344 2577 71 37 will

2554 2580 43 36 de
2622 2600 13 6 -
2659 2582 85 36 vote
2778 2581 80 38 The
2875 2586 177 38 rem-nant

3106 2588 37 35 of
3198 2600 62 33 my

3450 2637 25 30 2

3313 2341 92 27 new.

3330 2376 18 30 1

3299 2590 103 46 days.

3329 2635 21 32 1

443 2572 30 34 3.
502 2560 99 38 Mine
625 2562 72 36 will
758 2563 63 37 the

2238 2318 165 44 pas-sion
2482 2330 20 25 0
2521 2338 11 6 -
2549 2330 64 25 ver
2631 2339 11 6 -
2655 2330 114 36 come,
2786 2322 83 37 And
2885 2323 89 38 form
2995 2337 55 25 me

307 2820 77 41 The
403 2822 116 37 above
535 2822 117 44 hymn
670 2835 78 25 was
764 2825 194 44 composed
975 2825 112 39 about
1108 2828 94 36 1818.
1252 2827 68 40 See
1337 2831 165 36 remarks
1519 2830 112 40 about
1647 2832 91 36 Rev.
1759 2834 193 45 Benjamin
1971 2835 183 39 Beddome
2171 2838 114 37 under
2299 2841 89 34 tune
2407 2838 24 17 “
2444 2839 183 47 Weeping
2643 2840 199 42 Saviour.”
2891 2844 76 39 The
2983 2847 151 44 original
3150 2848 78 39 title
3243 2852 38 34 to
3297 2852 76 35 this
3390 2852 117 45 hymn
3525 2862 82 28 was

216 2861 24 16 “
256 2860 253 46 Invocation.”
560 2865 37 38 In
616 2869 63 36 the
696 2869 100 42 early
812 2869 155 38 editions
984 2871 38 35 of
1037 2870 64 39 the
1118 2871 25 16 “
1156 2872 132 37 Sacred
1306 2874 99 44 Harp
1421 2874 24 18 ”
1462 2875 76 37 this
1554 2879 88 34 tune
1659 2878 31 34 is
1706 2878 155 38 credited
1877 2882 38 33 to
1935 2879 41 37 E.
1999 2881 35 36 J.
2059 2881 110 44 King,
2187 2883 67 37 but
2267 2884 64 35 the
2347 2882 152 47 original
2515 2889 88 33 tune
2621 2897 151 35 appears
2788 2890 37 34 in
2842 2889 100 39 other
2959 2891 118 36 books
3094 2894 38 34 of
3149 2894 107 37 much
3274 2895 125 39 earlier
3415 2897 84 36 date
3513 2897 95 38 than

219 2908 93 42 1844.
364 2909 67 38 See
449 2913 125 36 works
591 2912 38 36 of
648 2914 158 35 Andrew
824 2912 101 45 Law,
945 2913 131 38 Oliver
1096 2916 153 44 Holden,
1271 2911 133 45 Lowell
1424 2918 145 47 Mason,
1589 2921 71 37 and
1677 2922 123 38 others
1819 2924 99 43 early
1935 2925 35 35 in
1987 2925 63 37 the
2069 2925 209 39 nineteenth
2295 2931 165 43 century.
2511 2930 95 36 Prof.
2630 2930 95 47 King
2742 2932 162 46 changed
2921 2945 100 28 some
3039 2937 38 35 of
3093 2938 63 36 the
3174 2941 118 34 notes.
