4038 3413
1698 383 461 58 RUDIMENTS
2195 383 348 58 Continued.

1504 473 151 56 THE
1692 476 248 59 GREAT
1973 478 436 61 ROLL=CALL.
2480 487 352 56 Concluded.

3712 495 64 57 25

642 901 72 56 We
729 907 95 41 shall
842 910 128 45 gather
1015 921 70 29 one
1108 913 72 38 and
1214 913 62 47 all,
1300 923 71 31 one
1385 915 73 38 and
1483 915 62 46 all,

1742 920 73 41 We
1830 921 95 39 shall
1949 921 143 50 gather,
2124 935 55 28 we
2202 926 95 38 shall
2313 926 130 49 gather
2452 926 73 48 (we
2535 929 96 40 shall
2643 930 159 49 gather),

2939 935 50 38 At
3004 936 63 38 the
3078 935 193 44 Saviour’s
3282 943 105 45 great
3395 940 148 43 roll-call
3551 943 121 50 (great
3682 945 180 51 roll-call).

650 1625 90 58 gath
831 1651 15 9 -
935 1643 39 27 er
1004 1643 70 30 one
1096 1634 74 40 and
1198 1635 62 47 all,

1545 1637 73 45 We
1632 1639 94 41 shall
1749 1641 90 50 gath

2033 1654 51 37 er,
2117 1657 56 28 we
2189 1646 95 41 shall
2301 1645 142 55 gather,
2765 1655 50 40 At
2835 1654 65 42 the
2931 1654 77 42 Sav
3067 1676 14 10 -
3142 1657 112 44 iour’s
3267 1663 102 47 great
3381 1659 157 47 roll-call.

557 2078 80 45 The
660 2076 119 47 above
801 2079 118 50 hymn
943 2091 79 31 was
1045 2080 143 47 written
1215 2084 52 48 by
1290 2082 100 53 Lacy
1414 2083 106 45 Freer
1543 2083 158 58 Shaffer,
1727 2092 38 38 of
1789 2087 164 57 Atlanta,
1979 2089 74 45 Ga.
2103 2097 68 39 Mr.
2199 2092 146 49 Shaffer
2368 2099 32 38 is
2423 2110 23 28 a
2470 2096 111 53 ready
2603 2097 120 47 writer
2745 2103 39 39 of
2806 2109 140 47 poems,
2971 2106 38 37 of
3031 2104 121 45 which
3180 2108 47 40 he
3252 2108 69 42 has
3344 2106 146 51 written
3514 2124 23 27 a
3560 2113 99 51 large
3683 2113 165 51 number.

466 2150 198 57 Sometime
686 2159 38 38 in
747 2159 65 41 the
834 2157 122 45 future
978 2160 49 40 he
1050 2158 145 47 intends
1218 2156 214 64 publishing
1455 2178 22 25 a
1501 2163 98 44 book
1622 2169 39 36 of
1683 2168 60 40 his
1765 2177 83 34 own
1872 2162 273 66 compositions.
2194 2173 58 41 An
2277 2168 200 63 inspection
2494 2176 72 43 will
2591 2176 107 46 show
2719 2179 93 51 they
2834 2191 59 33 are
2915 2177 205 53 first-class.
3170 2185 68 43 Mr.
3258 2183 145 50 Shaffer
3426 2199 80 34 was
3530 2203 23 28 a
3576 2192 74 50 boy
3674 2192 115 48 editor
3812 2200 38 38 in

468 2233 150 48 Dakota
641 2234 121 46 before
785 2237 64 41 the
871 2234 168 57 territory
1058 2249 80 31 was
1161 2236 174 51 admitted
1360 2252 42 30 as
1426 2255 22 27 a
1473 2240 102 47 State
1600 2247 36 37 in
1665 2246 94 42 1886.
1809 2246 56 43 He
1888 2258 80 32 was
1991 2261 23 27 a
2038 2245 158 49 member
2219 2254 38 37 of
2279 2253 65 42 the
2367 2249 218 54 convention
2610 2253 175 59 adopting
2812 2259 64 42 her
2891 2256 237 53 constitution
3144 2274 48 29 on
3223 2260 190 62 becoming
3440 2281 23 27 a
3485 2266 117 49 State.
3651 2268 130 49 Before
3804 2276 47 41 he

465 2323 79 31 was
566 2313 144 53 twenty
732 2323 108 41 years
855 2315 59 40 old
937 2316 46 39 he
1007 2312 143 48 studied
1173 2318 63 41 the
1259 2313 151 59 poetical
1427 2319 124 45 works
1575 2324 38 37 of
1638 2315 239 66 Longfellow,
1897 2320 184 60 Whittier,
2101 2324 191 59 Meredith,
2312 2324 171 63 Holland,
2502 2331 134 53 Burns,
2657 2333 152 56 Bryant,
2828 2329 267 69 Shakespeare,
3111 2341 74 44 and
3208 2341 136 48 others.
3395 2344 56 43 He
3474 2346 70 43 has
3568 2347 89 43 been
3683 2346 167 62 engaged

463 2385 232 62 twenty-five
716 2401 109 42 years
848 2403 44 30 as
914 2391 114 46 editor
1049 2394 73 41 and
1144 2388 201 63 publisher,
1368 2396 73 44 and
1464 2398 58 41 for
1542 2397 126 45 fifteen
1692 2410 108 42 years
1823 2402 71 43 has
1917 2400 140 49 resided
2081 2406 35 39 in
2142 2402 164 59 Atlanta,
2324 2406 75 47 Ga.
2450 2411 30 40 It
2503 2412 32 40 is
2559 2408 163 50 believed
2744 2415 65 41 the
2831 2413 120 49 above
2971 2413 239 63 composition
3233 2420 75 44 will
3330 2430 113 47 prove
3464 2421 101 57 quite
3587 2439 24 29 a
3631 2422 171 56 favorite.

554 2490 82 45 The
657 2488 145 58 history
822 2493 40 39 of
885 2492 39 41 S.
951 2492 42 44 M
1032 2489 153 51 Denson
1208 2500 154 52 appears
1385 2508 48 31 on
1456 2506 95 45 page
1577 2511 63 32 no
1663 2500 74 44 and
1759 2504 39 39 of
1822 2503 45 43 T.
1894 2502 37 43 J.
1958 2500 154 53 Denson
2136 2517 47 31 on
2207 2516 93 42 page
2326 2514 62 49 155
2413 2509 37 41 in
2472 2509 78 46 this
2572 2509 111 49 book.
